% Encoding: UTF-8
%# -*- coding: utf-8-unix -*-

@book{Meta_CN,
  title = {电磁超介质及其应用},
  address = {北京},
  publisher = {国防工业出版社},
  year = {2008},
  author = {崔万照 and 马伟 and 邱乐徳 and 张洪太}
}

@book{JohnD,
  title = {Photonic Crystals: Molding the Flow of Light},
  publisher = {Princeton University Press},
  year = {2008},
  author = {Joannopoulos, J. D. and Johnson, S. G. and Winn, J. N.}
}

@book{IEEE-1363,
  author={IEEE Std 1363-2000},
  title={IEEE Standard Specifications for Public-Key Cryptography},
  address={New York},
  publisher={IEEE},
  year={2000}
}

@article{chen2007act,
  author = {Chen, H. and Chan, C. T.},
  title = {Acoustic cloaking in three dimensions using acoustic metamaterials},
  journal = {Applied Physics Letters},
  year = {2007},
  volume = {91},
  pages = {183518},
  publisher = {AIP}
}

@article{chen2007ewi,
  author = {Chen, H. and Wu, B. I. and Zhang, B. and Kong, J. A.},
  title = {Electromagnetic Wave Interactions with a Metamaterial Cloak},
  journal = {Physical Review Letters},
  year = {2007},
  volume = {99},
  pages = {63903},
  number = {6},
  publisher = {APS}
}


@inproceedings{kocher99,
  author={C. Kocher and J. Jaffe and B. Jun},
  title={Differential Power Analysis},
  editor={M. Wiener},
  booktitle={Advances in Cryptology ({CRYPTO}~'99)},
  series={Lecture Notes in Computer Science},
  volume={1666},
  pages={388-397},
  publisher={Springer-Verlag},
  month={9},
  year={1999}
}

@incollection{Krasnogor2004e,
  AUTHOR = {N. Krasnogor},
  TITLE = {Towards robust memetic algorithms},
  BOOKTITLE = {Recent Advances in Memetic Algorithms},
  PUBLISHER = {Springer Berlin Heidelberg},
  YEAR = {2004},
  PAGES = {185-207},
  EDITOR = {W.E. Hart and N. Krasnogor and J.E. Smith},
  VOLUME = {166},
  SERIES = {Studies in Fuzziness and Soft Computing},  
  ADDRESS = {New York},  
}

@incollection{zjsw,
  AUTHOR = {班固},
  TITLE = {苏武传},
  BOOKTITLE = {传记散文英华},
  PUBLISHER = {湖北人民出版社},
  YEAR = {1998},  
  PAGES = {65-69},
  EDITOR = {郑在瀛 and 汪超宏 and 周文复},
  VOLUME = {2},
  SERIES = {新古文观止丛书},  
  ADDRESS = {武汉},
}


@inbook{clzs,
  AUTHOR = {阎真},
  TITLE = {沧浪之水},
  CHAPTER = {大人物还是讲人情的},
  PAGES = {185-207},
  PUBLISHER = {人民文学出版社},
  YEAR = {2001},
}

@book{tex,
 author    = {Donald E. Knuth},
 title     = {The {\TeX} Book},
 publisher = {Addison-Wesley Publishing Company},
 address   = {Reading, MA},
 year      = 1989,
 edition   = {15th},
}

@book{companion,
 author    = {Michel Goosens and Frank Mittelbach and Alexander Samarin},
 title     = {The {\LaTeX} Companion},
 publisher = {Addison-Wesley Publishing Company},
 address   = {Reading, MA},
 PAGES = {112--125},
 year      = 1994,
}

@article{ELIDRISSI94,
  AUTHOR =       {{Chafik El Idrissi}, M. and {Roney}, A. and {Frigon}, C. and
                  {Larzilli{\`e}re}, M.},
  TITLE =        {Measurements of total kinetic-energy released to the {$N=2$}
                  dissociation limit of {H}$_2$ --- evidence of the dissociation
                  of very high vibrational {R}ydberg states of {H}$_2$ by
                  doubly-excited states},
  JOURNAL =      {Chemical Physics Letters},
  PAGES =        {260-266},
  VOLUME =       224,
  NUMBER =       10,
  YEAR =         1994,
}

@ARTICLE{MELLINGER96,
  AUTHOR =       {Mellinger, A. and Vidal, C. R. and Jungen, Ch.},
  TITLE =        {Laser reduced fluorescence study of the carbon-monoxide nd
                  triplet {R}ydberg series-experimental results and multichannel
                  quantum-defect analysis},
  JOURNAL =      {J. Chem. Phys.},
  PAGES =        {8913-8921},
  VOLUME =       104,
  NUMBER =       5,
  YEAR =         1996,
}

@ARTICLE{SHELL02,
  AUTHOR =       {Michael Shell},
  TITLE =        {How to Use the {IEEEtran \LaTeX} Class},
  JOURNAL =      {Journal of {\LaTeX} Class Files},
  YEAR =         2002,
  VOLUME =       12,
  NUMBER =       4,
  PAGES =        {100--120}
}

@TechReport{NPB2,
  title =        {The {NAS} Parallel Benchmarks 2.0},
  author =       {Alex Woo and David Bailey and Maurice Yarrow and Wijngaart
                  Wijngaart and Tim Harris and William Saphir},
  year =         1995,
  month =        12,
  institution =  {The Pennsylvania State University CiteSeer Archives},
  url =          {http://www.nasa.org/}
}

@INPROCEEDINGS{DPMG,
  author =       {Kim, Sangbum and Woo, Namyoon and Yeom, Heon Y. and Park,
                  Taesoon and Park, Hyoungwoo},
  title =        {Design and {I}mplementation of {D}ynamic {P}rocess
                  {M}anagement for {G}rid-enabled {MPICH}},
  booktitle =    {the 10th European PVM/MPI Users' Group Conference},
  year =         2003,
  address =      {Venice, Italy},
  month =        sep,
}

@INPROCEEDINGS{cnproceed,
  author =       {王重阳 and 黄药师 and 欧阳峰 and 洪七公 and 段皇帝},
  title =        {武林高手论文集},
  booktitle =    {第~$N$~次华山论剑},
  year =         2006,
  address =      {西安, 中国},
  publisher = {中国古籍出版社},
  month =        sep,
}

@ARTICLE{cnarticle,
  AUTHOR =       {贾宝玉 and 林黛玉 and 薛宝钗 and 贾探春},
  TITLE =        {论刘姥姥食量大如牛之现实意义},
  JOURNAL =      {红楼梦杂谈},
  PAGES =        {260--266},
  VOLUME =       224,
  YEAR =         1800,
}

@thesis{zhubajie,
  author =       {猪八戒},
  title =        {论流体食物的持久保存},
  school =       {广寒宫大学},
  year =         2005,
  address =      {北京},
}

@thesis{shaheshang,
  title =        {论流沙河的综合治理},
  author =       {沙和尚},
  school =       {清华大学},
  year =         2005,
  address =      {北京},
}

@thesis{metamori2004,
  author =       {Ashwin Raju Jeyakumar},
  title =        {Metamori: A library for Incremental File Checkpointing},
  school =       {Virgina Tech},
  year =         2004,
  month =        7,
  address =      {Blacksburg},
}

@thesis{FistSystem01,
  AUTHOR =       {Erez Zadok},
  TITLE =        {FiST: A System for Stackable File System Code Generation},
  YEAR =         2001,
  MONTH =        {5},
  SCHOOL =       {Computer Science Department, Columbia University},
  ADDRESS =      {USA}
}

@INBOOK{ColdSources,
  AUTHOR =       {P. Gr{\"o}ning and L. Nilsson and P. Ruffieux and R.
                  Clergereaux and O. Gr{\"o}ning},
  TITLE =        {Encyclopedia of Nanoscience and Nanotechnology},
  pages =        {547--579},
  PUBLISHER =    {American Scientific Publishers},
  YEAR =         2004,
  volume =       1,
}

@thesis{bai2008,
  title={信用风险传染模型和信用衍生品的定价},
  author={白云芬},
  year={2008},
  school={上海交通大学},
  address={上海},
}


%萧钰.出版业信息化迈人快车道[EB/OL]. (2001-12-19)[2002-04-15]. http://www.creader.com/news/20011219/200112190019. html.
@article{xiaoyu2001,
  author =       {萧钰},
  title =        {出版业信息化迈人快车道},
  year =         {2001},
  TypeofLit =    {EB/OL},
  modifydate =   {2001-12-19},
  citedate =     {2002-04-15},
  url =          {http://www.creader.com/news/20011219/200112190019.html},
}

% 在线析出文献
@article{CHRISTINE1998,
  author =       {Christine, Mlot},
  title =        {Plant physiology: plant biology in the Genome Era},
  journal =      {Science},
  volume =       {281},
  pages =        {331-332},
  year =         {1998},
  TypeofLit =    {J/OL},
  citedate =     {1998-09-23},
  url =           {http://www.sciencemag.org/cgi/collection/anatmorp},
}

@book{RManual,
        Address = {Vienna, Austria},
        Author = {{R Core Team}},
        Note = {{ISBN} 3-900051-07-0},
        Organization = {R Foundation for Statistical Computing},
        title = {R: A Language and Environment for Statistical Computing},
        url = {http://www.R-project.org/},
        Year = {2012},
}


@Article{7350125,
  author  = {N. Chatzipanagiotis and M. M. Zavlanos},
  title   = {A Distributed Algorithm for Convex Constrained Optimization Under Noise},
  journal = {IEEE Transactions on Automatic Control},
  year    = {2016},
  volume  = {61},
  number  = {9},
  pages   = {2496-2511},
  month   = {Sept},
}

@Article{7300416,
  author  = {J. W. Zhu and G. H. Yang and H. Wang and F. Wang},
  title   = {Fault Estimation for a Class of Nonlinear Systems Based on Intermediate Estimator},
  journal = {IEEE Transactions on Automatic Control},
  year    = {2016},
  volume  = {61},
  number  = {9},
  pages   = {2518-2524},
  month   = {Sept},
}

@Article{7308013,
  author  = {P. Yu and H. Xu},
  title   = {Distributionally Robust Counterpart in Markov Decision Processes},
  journal = {IEEE Transactions on Automatic Control},
  year    = {2016},
  volume  = {61},
  number  = {9},
  pages   = {2538-2543},
  month   = {Sept},
}

@Article{7308007,
  author  = {B. Veseli? and B. Dra?enovi? and ? Milosavljevi?},
  title   = {Integral Sliding Manifold Design for Linear Systems With Additive Unmatched Disturbances},
  journal = {IEEE Transactions on Automatic Control},
  year    = {2016},
  volume  = {61},
  number  = {9},
  pages   = {2544-2549},
  month   = {Sept},
}

@Article{7307964,
  author  = {L. Ntogramatzidis and J. F. Tr��gou?t and R. Schmid and A. Ferrante},
  title   = {Globally Monotonic Tracking Control of Multivariable Systems},
  journal = {IEEE Transactions on Automatic Control},
  year    = {2016},
  volume  = {61},
  number  = {9},
  pages   = {2559-2564},
  month   = {Sept},
}

@Article{7308002,
  author  = {M. Chamanbaz and F. Dabbene and R. Tempo and V. Venkataramanan and Q. G. Wang},
  title   = {Sequential Randomized Algorithms for Convex Optimization in the Presence of Uncertainty},
  journal = {IEEE Transactions on Automatic Control},
  year    = {2016},
  volume  = {61},
  number  = {9},
  pages   = {2565-2571},
  month   = {Sept},
}

@Article{7308006,
  author  = {Y. Pan and H. Yu},
  title   = {Composite Learning From Adaptive Dynamic Surface Control},
  journal = {IEEE Transactions on Automatic Control},
  year    = {2016},
  volume  = {61},
  number  = {9},
  pages   = {2603-2609},
  month   = {Sept},
}

@Article{7350130,
  author  = {S. Weerakkody and Y. Mo and B. Sinopoli and D. Han and L. Shi},
  title   = {Multi-Sensor Scheduling for State Estimation With Event-Based, Stochastic Triggers},
  journal = {IEEE Transactions on Automatic Control},
  year    = {2016},
  volume  = {61},
  number  = {9},
  pages   = {2695-2701},
  month   = {Sept},
}

@Article{7350139,
  author  = {E. Vos and A. J. van der Schaft and J. M. A. Scherpen},
  title   = {Formation Control and Velocity Tracking for a Group of Nonholonomic Wheeled Robots},
  journal = {IEEE Transactions on Automatic Control},
  year    = {2016},
  volume  = {61},
  number  = {9},
  pages   = {2702-2707},
  month   = {Sept},
}

@Article{7350108,
  author  = {J. Hinz},
  title   = {Using Convex Switching Techniques for Partially Observable Decision Processes},
  journal = {IEEE Transactions on Automatic Control},
  year    = {2016},
  volume  = {61},
  number  = {9},
  pages   = {2727-2732},
  month   = {Sept},
}

@Article{7335610,
  author  = {Z. Galias and X. Yu},
  title   = {Analysis of Delayed Sliding Mode Control Systems Under Zero-Order Holder Discretization},
  journal = {IEEE Transactions on Automatic Control},
  year    = {2016},
  volume  = {61},
  number  = {9},
  pages   = {2739-2744},
  month   = {Sept},
}

@Article{7336510,
  author  = {H. Li and Y. Gao and P. Shi and H. K. Lam},
  title   = {Observer-Based Fault Detection for Nonlinear Systems With Sensor Fault and Limited Communication Capacity},
  journal = {IEEE Transactions on Automatic Control},
  year    = {2016},
  volume  = {61},
  number  = {9},
  pages   = {2745-2751},
  month   = {Sept},
}

@Article{Wu2016100,
  author  = {Junfeng Wu and Xiaoqiang Ren and Duo Han and Dawei Shi and Ling Shi},
  title   = {Finite-horizon Gaussianity-preserving event-based sensor scheduling in Kalman filter applications},
  journal = {Automatica},
  year    = {2016},
  volume  = {72},
  pages   = {100 - 107},
}

@Article{Andrieu2016138,
  author  = {Vincent Andrieu and Christophe Prieur and Sophie Tarbouriech and Luca Zaccarian},
  title   = {A hybrid scheme for reducing peaking in high-gain observers for a class of nonlinear systems},
  journal = {Automatica},
  year    = {2016},
  volume  = {72},
  pages   = {138 - 146},
}

@Article{Levant2016186,
  author  = {Arie Levant and Miki Livne},
  title   = {Weighted homogeneity and robustness of sliding mode control},
  journal = {Automatica},
  year    = {2016},
  volume  = {72},
  pages   = {186 - 193},
}

@Article{7345536,
  author  = {A. A. Malikopoulos},
  title   = {A Duality Framework for Stochastic Optimal Control of Complex Systems},
  journal = {IEEE Transactions on Automatic Control},
  year    = {2016},
  volume  = {61},
  number  = {10},
  pages   = {2756-2765},
  month   = {Oct},
}

@Article{7339680,
  author  = {Z. Lin and L. Wang and Z. Chen and M. Fu and Z. Han},
  title   = {Necessary and Sufficient Graphical Conditions for Affine Formation Control},
  journal = {IEEE Transactions on Automatic Control},
  year    = {2016},
  volume  = {61},
  number  = {10},
  pages   = {2877-2891},
  month   = {Oct},
}

@Article{7350110,
  author  = {B. Besselink and H. Sandberg and K. H. Johansson},
  title   = {Clustering-Based Model Reduction of Networked Passive Systems},
  journal = {IEEE Transactions on Automatic Control},
  year    = {2016},
  volume  = {61},
  number  = {10},
  pages   = {2958-2973},
  month   = {Oct},
}

@Article{7349162,
  author  = {O. Huber and V. Acary and B. Brogliato},
  title   = {Lyapunov Stability and Performance Analysis of the Implicit Discrete Sliding Mode Control},
  journal = {IEEE Transactions on Automatic Control},
  year    = {2016},
  volume  = {61},
  number  = {10},
  pages   = {3016-3030},
  month   = {Oct},
}

@Article{7329949,
  author  = {T. Ahmed-Ali and F. Giri and M. Krstic and F. Lamnabhi-Lagarrigue and L. Burlion},
  title   = {Adaptive Observer for a Class of Parabolic PDEs},
  journal = {IEEE Transactions on Automatic Control},
  year    = {2016},
  volume  = {61},
  number  = {10},
  pages   = {3083-3090},
  month   = {Oct},
}

@Article{7339447,
  author  = {L. Lessard and S. Lall},
  title   = {Convexity of Decentralized Controller Synthesis},
  journal = {IEEE Transactions on Automatic Control},
  year    = {2016},
  volume  = {61},
  number  = {10},
  pages   = {3122-3127},
  month   = {Oct},
}

@Article{7339459,
  author  = {A. H. J. de Ruiter},
  title   = {Observer-Based Adaptive Spacecraft Attitude Control With Guaranteed Performance Bounds},
  journal = {IEEE Transactions on Automatic Control},
  year    = {2016},
  volume  = {61},
  number  = {10},
  pages   = {3146-3151},
  month   = {Oct},
  groups  = {Attitude Estimation},
}

@Article{7350120,
  author  = {T. Nguyen and W. C. Su and Z. Gajic and C. Edwards},
  title   = {Higher Accuracy Output Feedback Sliding Mode Control of Sampled-Data Systems},
  journal = {IEEE Transactions on Automatic Control},
  year    = {2016},
  volume  = {61},
  number  = {10},
  pages   = {3177-3182},
  month   = {Oct},
}

@Article{7355300,
  author  = {A. G. Wu and G. R. Duan and W. Liu},
  title   = {Implicit Iterative Algorithms for Continuous Markovian Jump Lyapunov Equations},
  journal = {IEEE Transactions on Automatic Control},
  year    = {2016},
  volume  = {61},
  number  = {10},
  pages   = {3183-3189},
  month   = {Oct},
}

@Article{7355303,
  author  = {A. Selivanov and E. Fridman},
  title   = {Event-Triggered $H_{\infty}$ Control: A Switching Approach},
  journal = {IEEE Transactions on A7355303utomatic Control},
  year    = {2016},
  volume  = {61},
  number  = {10},
  pages   = {3221-3226},
  month   = {Oct},
}

@Article{7355294,
  author  = {Y. Song and X. Huang and C. Wen},
  title   = {Tracking Control for a Class of Unknown Nonsquare MIMO Nonaffine Systems: A Deep-Rooted Information Based Robust Adaptive Approach},
  journal = {IEEE Transactions on Automatic Control},
  year    = {2016},
  volume  = {61},
  number  = {10},
  pages   = {3227-3233},
  month   = {Oct},
}

@Article{Polyak2016297,
  author  = {Boris T. Polyak and Georgi Smirnov},
  title   = {Large deviations for non-zero initial conditions in linear systems},
  journal = {Automatica},
  year    = {2016},
  volume  = {74},
  pages   = {297 - 307},
}

@Article{Sun2016169,
  author  = {Xinmiao Sun and Christos G. Cassandras},
  title   = {Optimal dynamic formation control of multi-agent systems in constrained environments},
  journal = {Automatica},
  year    = {2016},
  volume  = {73},
  pages   = {169 - 179},
}

@Article{Esterhuizen2016248,
  author  = {Willem Esterhuizen and Jean Lévine},
  title   = {Barriers and potentially safe sets in hybrid systems: Pendulum with non-rigid cable},
  journal = {Automatica},
  year    = {2016},
  volume  = {73},
  pages   = {248 - 255},
}

@Article{Liuzza20161,
  author  = {Davide Liuzza and Dimos V. Dimarogonas and Mario di Bernardo and Karl H. Johansson},
  title   = {Distributed model based event-triggered control for synchronization of multi-agent systems},
  journal = {Automatica},
  year    = {2016},
  volume  = {73},
  pages   = {1 - 7},
}

@Article{Biemond201638,
  author  = {J.J. Benjamin Biemond and W.P. Maurice H. Heemels and Ricardo G. Sanfelice and Nathan van de Wouw},
  title   = {Distance function design and Lyapunov techniques for the stability of hybrid trajectories},
  journal = {Automatica},
  year    = {2016},
  volume  = {73},
  pages   = {38 - 46},
}

@Article{Lješnjanin2016117,
  author  = {Merid Lješnjanin and Dragan Nešić and Daniel E. Quevedo},
  title   = {Robust stability of a class of Networked Control Systems},
  journal = {Automatica},
  year    = {2016},
  volume  = {73},
  pages   = {117 - 124},
}

@Article{Huang2016130,
  author  = {Shipei Huang and Zhengrong Xiang},
  title   = {Finite-time stabilization of switched stochastic nonlinear systems with mixed odd and even powers},
  journal = {Automatica},
  year    = {2016},
  volume  = {73},
  pages   = {130 - 137},
}

@Article{Crassidis2015Survey,
  author  = {Crassidis, John L. and Markley, F. Landis and Cheng, Yang},
  title   = {Survey of Nonlinear Attitude Estimation Methods},
  journal = {Journal of Guidance Control \& Dynamics},
  year    = {2015},
  volume  = {30},
  number  = {1},
  pages   = {12-28},
  groups  = {Attitude Estimation},
}

@InProceedings{7171827,
  author    = {A. H. J. de Ruiter},
  title     = {Observer-based spacecraft attitude tracking with guaranteed performance bounds},
  booktitle = {2015 American Control Conference (ACC)},
  year      = {2015},
  pages     = {3212-3217},
  month     = {July},
  groups    = {Attitude, Wind},
}

@Article{1245191,
  author  = {J. Thienel and R. M. Sanner},
  title   = {A coupled nonlinear spacecraft attitude controller and observer with an unknown constant gyro bias and gyro noise},
  journal = {IEEE Transactions on Automatic Control},
  year    = {2003},
  volume  = {48},
  number  = {11},
  pages   = {2011-2015},
  month   = {Nov},
  groups  = {, ;},
}

@Article{7393811,
  author  = {J. Baek and M. Jin and S. Han},
  title   = {A New Adaptive Sliding-Mode Control Scheme for Application to Robot Manipulators},
  journal = {IEEE Transactions on Industrial Electronics},
  year    = {2016},
  volume  = {63},
  number  = {6},
  pages   = {3628-3637},
  month   = {June},
}

@Article{7353144,
  author  = {H. J. Ma and G. H. Yang},
  title   = {Adaptive Fault Tolerant Control of Cooperative Heterogeneous Systems With Actuator Faults and Unreliable Interconnections},
  journal = {IEEE Transactions on Automatic Control},
  year    = {2016},
  volume  = {61},
  number  = {11},
  pages   = {3240-3255},
  month   = {Nov},
}

@Article{7383232,
  author  = {M. Baştuğ and M. Petreczky and R. Wisniewski and J. Leth},
  title   = {Model Reduction by Nice Selections for Linear Switched Systems},
  journal = {IEEE Transactions on Automatic Control},
  year    = {2016},
  volume  = {61},
  number  = {11},
  pages   = {3422-3437},
  month   = {Nov},
}

@Article{7399359,
  author  = {S. Hosseini and A. Chapman and M. Mesbahi},
  title   = {Online Distributed Convex Optimization on Dynamic Networks},
  journal = {IEEE Transactions on Automatic Control},
  year    = {2016},
  volume  = {61},
  number  = {11},
  pages   = {3545-3550},
  month   = {Nov},
}

@Article{7400952,
  author  = {S. Brás and M. Izadi and C. Silvestre and A. Sanyal and P. Oliveira},
  title   = {Nonlinear Observer for 3D Rigid Body Motion Estimation Using Doppler Measurements},
  journal = {IEEE Transactions on Automatic Control},
  year    = {2016},
  volume  = {61},
  number  = {11},
  pages   = {3580-3585},
  month   = {Nov},
}

@Article{7399354,
  author  = {H. Du and S. Li},
  title   = {Attitude Synchronization for Flexible Spacecraft With Communication Delays},
  journal = {IEEE Transactions on Automatic Control},
  year    = {2016},
  volume  = {61},
  number  = {11},
  pages   = {3625-3630},
  month   = {Nov},
}

@Article{BARTOLINI1995769,
  author  = {G. Bartolini and A. Ferrara and V.I. Utkin},
  title   = {Adaptive sliding mode control in discrete-time systems},
  journal = {Automatica},
  year    = {1995},
  volume  = {31},
  number  = {5},
  pages   = {769 - 773},
}

@Article{Chen20131748,
  author  = {Bei Chen and Yugang Niu and Yuanyuan Zou},
  title   = {Adaptive sliding mode control for stochastic Markovian jumping systems with actuator degradation},
  journal = {Automatica},
  year    = {2013},
  volume  = {49},
  number  = {6},
  pages   = {1748 - 1754},
}

@Article{7511866,
  author  = {S. Park},
  title   = {Autonomous crabbing by estimating wind using only GPS velocity},
  journal = {IEEE Transactions on Aerospace and Electronic Systems},
  year    = {2016},
  volume  = {52},
  number  = {3},
  pages   = {1399-1407},
  month   = {June},
  groups  = {Wind Estimation},
}

@InProceedings{pachter2008estimating,
  author    = {Pachter, Meir and Ceccarelli, Nicola and Chandler, Philip R},
  title     = {Estimating MAV’s heading and the wind speed and direction using GPS, inertial, and air speed measurements},
  booktitle = {Proceedings of the AIAA Guidance, Navigation and Control Conference and Exhibit},
  year      = {2008},
  groups    = {Wind Estimation},
}

@Article{langelaan2011wind,
  author  = {Langelaan, Jack W and Alley, Nicholas and Neidhoefer, James},
  title   = {Wind field estimation for small unmanned aerial vehicles},
  journal = {Journal of Guidance, Control, and Dynamics},
  year    = {2011},
  volume  = {34},
  number  = {4},
  pages   = {1016--1030},
  groups  = {Wind Estimation},
}

@Article{aerospace3010008,
  author  = {Atmeh, Ghassan and Subbarao, Kamesh},
  title   = {Guidance, Navigation and Control of Unmanned Airships under Time-Varying Wind for Extended Surveillance},
  journal = {Aerospace},
  year    = {2016},
  volume  = {3},
  number  = {1},
  pages   = {8},
  groups  = {Wind Estimation, Attitude Estimation},
}

@InProceedings{7152330,
  author    = {T. A. Johansen and A. Cristofaro and K. Sørensen and J. M. Hansen and T. I. Fossen},
  title     = {On estimation of wind velocity, angle-of-attack and sideslip angle of small UAVs using standard sensors},
  booktitle = {Unmanned Aircraft Systems (ICUAS), 2015 International Conference on},
  year      = {2015},
  pages     = {510-519},
  month     = {June},
  groups    = {Wind Estimation},
}

@InProceedings{benjovengo2009sliding,
  author    = {Benjovengo, F{\'a}bio Pereira and De Paiva, Ely Carneiro and Bueno, Samuel Siqueira and Ferreira, Paulo Augusto Valente},
  title     = {Sliding mode control approaches for an autonomous unmanned airship},
  booktitle = {Proceedings of the AIAA 18th conference on lighter-than-air systems technology},
  year      = {2009},
  pages     = {221--227},
  groups    = {Attitude},
}

@Article{azinheira2009backstepping,
  author    = {Azinheira, Jos{\'e} Raul and Moutinho, Alexandra and de Paiva, Ely Carneiro},
  title     = {A backstepping controller for path-tracking of an underactuated autonomous airship},
  journal   = {International Journal of Robust and Nonlinear Control},
  year      = {2009},
  volume    = {19},
  number    = {4},
  pages     = {418--441},
  publisher = {Wiley Online Library},
}

@Article{7061535,
  author  = {G. Lai and Z. Liu and Y. Zhang and C. L. P. Chen},
  title   = {Adaptive Position/Attitude Tracking Control of Aerial Robot With Unknown Inertial Matrix Based on a New Robust Neural Identifier},
  journal = {IEEE Transactions on Neural Networks and Learning Systems},
  year    = {2016},
  volume  = {27},
  number  = {1},
  pages   = {18-31},
  month   = {Jan},
}

@Article{Yang2016Positioning,
  author  = {Yang, Yueneng and Wu, Jie and Zheng, Wei},
  title   = {Positioning Control for an Autonomous Airship},
  journal = {Journal of Aircraft},
  year    = {2016},
  pages   = {1-9},
}

@Article{Li2016133,
  author  = {Hongyi Li and Peng Shi and Deyin Yao and Ligang Wu},
  title   = {Observer-based adaptive sliding mode control for nonlinear Markovian jump systems},
  journal = {Automatica},
  year    = {2016},
  volume  = {64},
  pages   = {133 - 142},
}

@Article{Li2016177,
  author  = {Yuan-Xin Li and Guang-Hong Yang},
  title   = {Adaptive asymptotic tracking control of uncertain nonlinear systems with input quantization and actuator faults},
  journal = {Automatica},
  year    = {2016},
  volume  = {72},
  pages   = {177 - 185},
}

@Article{7452677,
  author  = {H. Li and J. Wang and H. K. Lam and Q. Zhou and H. Du},
  title   = {Adaptive Sliding Mode Control for Interval Type-2 Fuzzy Systems},
  journal = {IEEE Transactions on Systems, Man, and Cybernetics: Systems},
  year    = {2016},
  volume  = {46},
  number  = {12},
  pages   = {1654-1663},
  month   = {Dec},
}

@Article{Wang2016Finite,
  author  = {Yueying Wang and Pingfang Zhou and Ji-An Chen and Dengping Duan},
  title   = {Finite time attitude tracking control of an autonomous airship},
  journal = {Transactions of the Institute of Measurement and Control},
  year    = {2016},
  volume  = {0},
  number  = {0},
  pages   = {0},
}

@InProceedings{577594,
  author    = {V. Utkin and Jingxin Shi},
  title     = {Integral sliding mode in systems operating under uncertainty conditions},
  booktitle = {Proceedings of 35th IEEE Conference on Decision and Control},
  year      = {1996},
  volume    = {4},
  pages     = {4591-4596 vol.4},
  month     = {Dec},
}

@Article{Lu2011278,
  author  = {Chia-Hua Lu and Yean-Ren Hwang and Yu-Ta Shen},
  title   = {Backstepping sliding mode tracking control of a vane-type air motor table motion system},
  journal = {\{ISA\} Transactions},
  year    = {2011},
  volume  = {50},
  number  = {2},
  pages   = {278 - 286},
}

@InProceedings{4153063,
  author    = {T. Madani and A. Benallegue},
  title     = {Backstepping Sliding Mode Control Applied to a Miniature Quadrotor Flying Robot},
  booktitle = {IECON 2006 - 32nd Annual Conference on IEEE Industrial Electronics},
  year      = {2006},
  pages     = {700-705},
  month     = {Nov},
}

@InProceedings{1570447,
  author    = {S. Bouabdallah and R. Siegwart},
  title     = {Backstepping and Sliding-mode Techniques Applied to an Indoor Micro Quadrotor},
  booktitle = {Proceedings of the 2005 IEEE International Conference on Robotics and Automation},
  year      = {2005},
  pages     = {2247-2252},
  month     = {April},
}

@InProceedings{7530949,
  author    = {Q. Chen and L. Shi and L. Tao and F. Dong},
  title     = {Adaptive tracking control of robotic manipulators with unknown input saturation using backstepping sliding mode technique},
  booktitle = {2016 Chinese Control and Decision Conference (CCDC)},
  year      = {2016},
  pages     = {26-31},
  month     = {May},
}

@Article{Fossen1999Tutorial,
  author  = {Fossen, Thor I. and Strand, Jan P.},
  title   = {Tutorial on nonlinear backstepping: Applications to ship control},
  journal = {Modeling Identification \& Control},
  year    = {1999},
  volume  = {MIC-20},
  number  = {2},
  pages   = {83-135},
}

@Article{121619,
  author  = {R. Lozano and B. Brogliato},
  title   = {Adaptive control of robot manipulators with flexible joints},
  journal = {IEEE Transactions on Automatic Control},
  year    = {1992},
  volume  = {37},
  number  = {2},
  pages   = {174-181},
  month   = {Feb},
}

@Article{7420603,
  author  = {Q. Ge and T. Shao and Z. Duan and C. Wen},
  title   = {Performance Analysis of the Kalman Filter With Mismatched Noise Covariances},
  journal = {IEEE Transactions on Automatic Control},
  year    = {2016},
  volume  = {61},
  number  = {12},
  pages   = {4014-4019},
  month   = {Dec},
}

@Article{7435266,
  author  = {D. Xu and X. Wang and Y. Hong and Z. P. Jiang and S. Xu},
  title   = {Output Feedback Stabilization and Estimation of the Region of Attraction for Nonlinear Systems: A Vector Control Lyapunov Function Perspective},
  journal = {IEEE Transactions on Automatic Control},
  year    = {2016},
  volume  = {61},
  number  = {12},
  pages   = {4034-4040},
  month   = {Dec},
}

@Article{Yin2017282,
  author  = {Shen Yin and Huijun Gao and Jianbin Qiu and Okyay Kaynak},
  title   = {Descriptor reduced-order sliding mode observers design for switched systems with sensor and actuator faults},
  journal = {Automatica},
  year    = {2017},
  volume  = {76},
  pages   = {282 - 292},
}

@Article{Eckhard201753,
  author  = {Diego Eckhard and Alexandre S. Bazanella and Cristian R. Rojas and Håkan Hjalmarsson},
  title   = {Cost function shaping of the output error criterion},
  journal = {Automatica},
  year    = {2017},
  volume  = {76},
  pages   = {53 - 60},
}

@Article{Kamgarpour2017177,
  author  = {Maryam Kamgarpour and Tony A. Wood and Sean Summers and John Lygeros},
  title   = {Control synthesis for stochastic systems given automata specifications defined by stochastic sets},
  journal = {Automatica},
  year    = {2017},
  volume  = {76},
  pages   = {177 - 182},
}

@Article{Lu2017258,
  author  = {Yueyun Lu and Wei Zhang},
  title   = {A piecewise smooth control-Lyapunov function framework for switching stabilization},
  journal = {Automatica},
  year    = {2017},
  volume  = {76},
  pages   = {258 - 265},
}

@Article{Liu2017266,
  author  = {Wei Liu},
  title   = {State estimation for discrete-time Markov jump linear systems with time-correlated measurement noise},
  journal = {Automatica},
  year    = {2017},
  volume  = {76},
  pages   = {266 - 276},
}

@Article{ChávezFuentes201732,
  author  = {Jorge R. Chávez-Fuentes and Eduardo F. Costa and Jorge E. Mayta and Marco H. Terra},
  title   = {Regularity and stability analysis of discrete-time Markov jump linear singular systems},
  journal = {Automatica},
  year    = {2017},
  volume  = {76},
  pages   = {32 - 40},
}

@Article{Zheng2016210,
  author  = {Zewei Zheng and Yao Zou},
  title   = {Adaptive integral \{LOS\} path following for an unmanned airship with uncertainties based on robust \{RBFNN\} backstepping},
  journal = {\{ISA\} Transactions},
  year    = {2016},
  volume  = {65},
  pages   = {210 - 219},
}

@Article{7172519,
  author  = {D. Dueri and F. Leve and B. Açıkmeşe},
  title   = {Minimum Error Dissipative Power Reduction Control Allocation via Lexicographic Convex Optimization for Momentum Control Systems},
  journal = {IEEE Transactions on Control Systems Technology},
  year    = {2016},
  volume  = {24},
  number  = {2},
  pages   = {678-686},
  month   = {March},
}

@Article{1099836,
  author  = {R. Fitzgerald},
  title   = {Divergence of the Kalman filter},
  journal = {IEEE Transactions on Automatic Control},
  year    = {1971},
  volume  = {16},
  number  = {6},
  pages   = {736-747},
  month   = {Dec},
}

@Article{1636313,
  author  = {D. A. Bristow and M. Tharayil and A. G. Alleyne},
  title   = {A survey of iterative learning control},
  journal = {IEEE Control Systems},
  year    = {2006},
  volume  = {26},
  number  = {3},
  pages   = {96-114},
  month   = {June},
}

@Article{7160689,
  author  = {T. D. Son and G. Pipeleers and J. Swevers},
  title   = {Robust Monotonic Convergent Iterative Learning Control},
  journal = {IEEE Transactions on Automatic Control},
  year    = {2016},
  volume  = {61},
  number  = {4},
  pages   = {1063-1068},
  month   = {April},
}

@InProceedings{4209179,
  author    = {J. Ko and D. J. Klein and D. Fox and D. Haehnel},
  title     = {Gaussian Processes and Reinforcement Learning for Identification and Control of an Autonomous Blimp},
  booktitle = {Proceedings 2007 IEEE International Conference on Robotics and Automation},
  year      = {2007},
  pages     = {742-747},
  month     = {April},
  publisher = {IEEE},
}

@Article{Guzella200910206,
  author  = {Thiago S. Guzella and Walmir M. Caminhas},
  title   = {A review of machine learning approaches to Spam filtering},
  journal = {Expert Systems with Applications},
  year    = {2009},
  volume  = {36},
  number  = {7},
  pages   = {10206 - 10222},
}

@Article{azinheira2006airship,
  author  = {Azinheira, Jos{\'e} Raul and Moutinho, Alexandra and De Paiva, Ely Carneiro},
  title   = {Airship hover stabilization using a backstepping control approach},
  journal = {Journal of guidance, control, and dynamics},
  year    = {2006},
  volume  = {29},
  number  = {4},
  pages   = {903--914},
}

@InProceedings{1619111,
  author    = {C. Vuilmet},
  title     = {A MIMO backstepping control with acceleration feedback for torpedo},
  booktitle = {2006 Proceeding of the Thirty-Eighth Southeastern Symposium on System Theory},
  year      = {2006},
  pages     = {157-162},
  month     = {March},
}

@Article{6954400,
  author  = {Q. Zhou and P. Shi and Y. Tian and M. Wang},
  title   = {Approximation-Based Adaptive Tracking Control for MIMO Nonlinear Systems With Input Saturation},
  journal = {IEEE Transactions on Cybernetics},
  year    = {2015},
  volume  = {45},
  number  = {10},
  pages   = {2119-2128},
  month   = {Oct},
}

@InProceedings{7531419,
  author    = {Z. Yu},
  title     = {Saturated backstepping control for boat with disturbance estimator},
  booktitle = {2016 Chinese Control and Decision Conference (CCDC)},
  year      = {2016},
  pages     = {2585-2590},
  month     = {May},
}

@InProceedings{4303838,
  author    = {Y. Peng and J. Han and Q. Song},
  title     = {Tracking Control of Underactuated Surface Ships: Using Unscented Kalman Filter to Estimate the Uncertain Parameters},
  booktitle = {2007 International Conference on Mechatronics and Automation},
  year      = {2007},
  pages     = {1884-1889},
  month     = {Aug},
}

@Article{5723705,
  author  = {C. Wen and J. Zhou and Z. Liu and H. Su},
  title   = {Robust Adaptive Control of Uncertain Nonlinear Systems in the Presence of Input Saturation and External Disturbance},
  journal = {IEEE Transactions on Automatic Control},
  year    = {2011},
  volume  = {56},
  number  = {7},
  pages   = {1672-1678},
  month   = {July},
}

@Article{zhou2005adaptive,
  author  = {Zhou, Jing and Wen, Changyun and Zhang, Ying},
  title   = {Adaptive output control of a class of timevarying uncertain nonlinear systems},
  journal = {Nonlinear Dynamics System Theory},
  year    = {2005},
  volume  = {5},
  pages   = {285--298},
}

@Article{6875955,
  author  = {J. Ma and S. S. Ge and Z. Zheng and D. Hu},
  title   = {Adaptive NN Control of a Class of Nonlinear Systems With Asymmetric Saturation Actuators},
  journal = {IEEE Transactions on Neural Networks and Learning Systems},
  year    = {2015},
  volume  = {26},
  number  = {7},
  pages   = {1532-1538},
  month   = {July},
}

@Article{880994,
  author  = {D. Swaroop and J. K. Hedrick and P. P. Yip and J. C. Gerdes},
  title   = {Dynamic surface control for a class of nonlinear systems},
  journal = {IEEE Transactions on Automatic Control},
  year    = {2000},
  volume  = {45},
  number  = {10},
  pages   = {1893-1899},
  month   = {Oct},
}

@InProceedings{612013,
  author    = {D. Swaroop and J. C. Gerdes and P. P. Yip and J. K. Hedrick},
  title     = {Dynamic surface control of nonlinear systems},
  booktitle = {Proceedings of the 1997 American Control Conference (Cat. No.97CH36041)},
  year      = {1997},
  volume    = {5},
  pages     = {3028-3034 vol.5},
  month     = {Jun},
}

@Article{Yu2010configurations,
  author  = {Yu, Daren and Lv, Xiaowu},
  title   = {Configurations analysis for high‐altitude/long‐endurance airships},
  journal = {Aircraft Engineering and Aerospace Technology},
  year    = {2010},
  volume  = {82},
  number  = {1},
  pages   = {48-59},
}

@Article{7185442,
  author  = {B. Luo and T. Huang and H. N. Wu and X. Yang},
  title   = {Data-Driven H_\infty Control for Nonlinear Distributed Parameter Systems},
  journal = {IEEE Transactions on Neural Networks and Learning Systems},
  year    = {2015},
  volume  = {26},
  number  = {11},
  pages   = {2949-2961},
  month   = {Nov},
}

@Article{chen2012composite,
  author  = {Chen, L and Zhou, G and Yan, XJ and Duan, DP},
  title   = {Composite Control of Stratospheric Airships with Moving Masses},
  journal = {Journal of Aircraft},
  year    = {2012},
  volume  = {49},
  number  = {3},
  pages   = {794--801},
  groups  = {Lab Papers},
}

@Article{chen2013control,
  author  = {L Chen and H Zhang and DP Duan},
  title   = {Control system design of a multivectored thrust stratospheric airship},
  journal = {Proceedings of the Institution of Mechanical Engineers, Part G: Journal of Aerospace Engineering},
  year    = {2014},
  volume  = {228},
  number  = {11},
  pages   = {2045-2054},
}

@Article{doi:10.1177/0954410015586861,
  author  = {Ding Han and Xiao-Liang Wang and Li Chen and Deng-Ping Duan},
  title   = {Adaptive backstepping control for a multi-vectored thrust stratospheric airship with thrust saturation in wind},
  journal = {Proceedings of the Institution of Mechanical Engineers, Part G: Journal of Aerospace Engineering},
  year    = {2016},
  volume  = {230},
  number  = {1},
  pages   = {45-59},
}

@Article{doi:10.1177/0142331214568237,
  author  = {Ding Han and Xiao-liang Wang and Li Chen and Deng-ping Duan},
  title   = {Command-filtered backstepping control for a multi-vectored thrust stratospheric airship},
  journal = {Transactions of the Institute of Measurement and Control},
  year    = {2016},
  volume  = {38},
  number  = {1},
  pages   = {93-104},
}

@Article{dwyer1988variable,
  author  = {DWYER, III, THOMAS AW and Sira-Ramirez, Hebertt},
  title   = {Variable-structure control of spacecraft attitude maneuvers},
  journal = {Journal of Guidance, Control, and Dynamics},
  year    = {1988},
  volume  = {11},
  number  = {3},
  pages   = {262--270},
}

@Book{Boyd:2004:CO:993483,
  title     = {Convex Optimization},
  publisher = {Cambridge University Press},
  year      = {2004},
  author    = {Boyd, Stephen and Vandenberghe, Lieven},
  address   = {New York, NY, USA},
  isbn      = {0521833787},
}

@Article{doi:10.1063/1.2953012,
  author  = {S. Bennaceur and A. Abichou and N. Azouz},
  title   = {Modelling and Control of Flexible Airship},
  journal = {AIP Conference Proceedings},
  year    = {2008},
  volume  = {1019},
  number  = {1},
  pages   = {397-407},
}

@Article{meirovitch2004unified,
  author  = {Meirovitch, Leonard and Tuzcu, Ilhan},
  title   = {Unified theory for the dynamics and control of maneuvering flexible aircraft},
  journal = {AIAA journal},
  year    = {2004},
  volume  = {42},
  number  = {4},
  pages   = {714--727},
}

@InProceedings{7555054,
  author    = {C. Nie and M. Zhu and Z. Zheng and Z. Wu},
  title     = {Model-free control for stratospheric airship based on reinforcement learning},
  booktitle = {2016 35th Chinese Control Conference (CCC)},
  year      = {2016},
  pages     = {10702-10707},
  month     = {July},
}

@Article{Bennaceur2012,
  author  = {Bennaceur, Selima and Azouz, Naoufel},
  title   = {Contribution of the added masses in the dynamic modelling of flexible airships},
  journal = {Nonlinear Dynamics},
  year    = {2012},
  volume  = {67},
  number  = {1},
  pages   = {215--226},
}

@InProceedings{5675976,
  author    = {W. Adamski and P. Herman and Y. Bestaoui and K. Kozłowski},
  title     = {Control of airship in case of unpredictable environment conditions},
  booktitle = {2010 Conference on Control and Fault-Tolerant Systems (SysTol)},
  year      = {2010},
  pages     = {843-848},
  month     = {Oct},
}

@Article{Gao2010,
  author  = {Gao, Hai-jian and Chen, Wu-jun and Fu, Gong-yi},
  title   = {Structural design conception and analysis for the structural system of large flexible airship},
  journal = {Journal of Shanghai Jiaotong University (Science)},
  year    = {2010},
  volume  = {15},
  number  = {6},
  pages   = {756--761},
}

@Article{Chen2010Effect,
  author  = {Chen, Hua and Zhang, Zhao Ming},
  title   = {Effect of elastic deformation on aerodynamic characteristics of the flexible airship},
  journal = {Journal of Experiments in Fluid Mechanics},
  year    = {2010},
  volume  = {24},
  number  = {03},
  pages   = {59-62},
}

@Article{Bessert2005731,
  author  = {N. Bessert and O. Frederich},
  title   = {Nonlinear airship aeroelasticity},
  journal = {Journal of Fluids and Structures},
  year    = {2005},
  volume  = {21},
  number  = {8},
  pages   = {731 - 742},
}

@Article{Li2011217,
  author  = {Yuwen Li and Meyer Nahon and Inna Sharf},
  title   = {Airship dynamics modeling: A literature review},
  journal = {Progress in Aerospace Sciences},
  year    = {2011},
  volume  = {47},
  number  = {3},
  pages   = {217 - 239},
}

@Article{schmidt2001modeling,
  author  = {Schmidt, David K and Raney, David L},
  title   = {Modeling and simulation of flexible flight vehicles},
  journal = {Journal of Guidance, Control, and Dynamics},
  year    = {2001},
  volume  = {24},
  number  = {3},
  pages   = {539--546},
}

@InProceedings{li2007dynamics,
  author    = {Li, Yuwen and Nahon, MEYER and Sharf, Inna},
  title     = {Dynamics modeling of flexible airships},
  booktitle = {48th AIAA/ASME/ASCE/AHS/ASC Structures, Structural Dynamics, and Materials Conference},
  year      = {2007},
  pages     = {2212},
}

@Article{Li2012881,
  author  = {Xiaojian Li and Xiande Fang and Qiuming Dai and Zhanru Zhou},
  title   = {Modeling and analysis of floating performances of stratospheric semi-rigid airships},
  journal = {Advances in Space Research},
  year    = {2012},
  volume  = {50},
  number  = {7},
  pages   = {881 - 890},
}

@Article{LIU2010207,
  author  = {Jian-min LIU and Chuan-jing LU and Lei-ping XUE},
  title   = {Numerical investigation on the aeroelastic behavior of an airship with hull-fin configuration},
  journal = {Journal of Hydrodynamics, Ser. B},
  year    = {2010},
  volume  = {22},
  number  = {2},
  pages   = {207 - 213},
}

@Article{li2009dynamics,
  author  = {Li, Yuwen and Nahon, Meyer and Sharf, Inna},
  title   = {Dynamics modeling and simulation of flexible airships},
  journal = {AIAA journal},
  year    = {2009},
  volume  = {47},
  number  = {3},
  pages   = {592--605},
}

@InProceedings{894672,
  author    = {S. van der Zwaan and A. Bernardino and J. Santos-Victor},
  title     = {Vision based station keeping and docking for an aerial blimp},
  booktitle = {Proceedings. 2000 IEEE/RSJ International Conference on Intelligent Robots and Systems (IROS 2000) (Cat. No.00CH37113)},
  year      = {2000},
  volume    = {1},
  pages     = {614-619 vol.1},
}

@InProceedings{1175632,
  author    = {E. Hygounenc and P. Soueres},
  title     = {Automatic airship control involving backstepping techniques},
  booktitle = {IEEE International Conference on Systems, Man and Cybernetics},
  year      = {2002},
  volume    = {6},
  pages     = {6 pp. vol.6-},
  month     = {Oct},
}

@InProceedings{paiva2009sliding,
  author    = {Paiva, Ely and Benjovengo, Fabio and Bueno, Samuel and Ferreira, Paulo},
  title     = {Sliding Mode Control Approaches for an Autonomous Unmanned Airship},
  booktitle = {18th AIAA Lighter-Than-Air Systems Technology Conference},
  year      = {2009},
  pages     = {2869},
}

@inproceedings{de2007nonlinear,
  title={Nonlinear control approaches for an autonomous unmanned robotic airship},
  author={de Paiva, Ely and Benjovengo, Fabio and Bueno, Samuel and Azinheira, Jose and Moutinho, Alexandra},
  booktitle={7th AIAA ATIO Conf, 2nd CEIAT Int'l Conf on Innov and Integr in Aero Sciences, 17th LTA Systems Tech Conf; followed by 2nd TEOS Forum},
  pages={7782},
  year={2007}
}

@InProceedings{4543207,
  author    = {F. Repoulias and E. Papadopoulos},
  title     = {Robotic airship trajectory tracking control using a backstepping methodology},
  booktitle = {2008 IEEE International Conference on Robotics and Automation},
  year      = {2008},
  pages     = {188-193},
  month     = {May},
}

@Article{Li20132455,
  author  = {Zhan Li and Xuebo Yang and Huijun Gao},
  title   = {Autonomous impulsive rendezvous for spacecraft under orbital uncertainty and thruster faults},
  journal = {Journal of the Franklin Institute},
  year    = {2013},
  volume  = {350},
  number  = {9},
  pages   = {2455 - 2473},
}

@Article{Podder200139,
  author  = {Tarun Kanti Podder and Nilanjan Sarkar},
  title   = {Fault-tolerant control of an autonomous underwater vehicle under thruster redundancy},
  journal = {Robotics and Autonomous Systems},
  year    = {2001},
  volume  = {34},
  number  = {1},
  pages   = {39 - 52},
}

@Article{119629,
  author  = {R. J. Veillette and J. B. Medanic and W. R. Perkins},
  title   = {Design of reliable control systems},
  journal = {IEEE Transactions on Automatic Control},
  year    = {1992},
  volume  = {37},
  number  = {3},
  pages   = {290-304},
  month   = {Mar},
}

@Article{ZHAO19981267,
  author  = {Q. ZHAO and J. JIANG},
  title   = {Reliable State Feedback Control System Design Against Actuator Failures},
  journal = {Automatica},
  year    = {1998},
  volume  = {34},
  number  = {10},
  pages   = {1267 - 1272},
}

@Article{Zhang2008229,
  author  = {Youmin Zhang and Jin Jiang},
  title   = {Bibliographical review on reconfigurable fault-tolerant control systems},
  journal = {Annual Reviews in Control},
  year    = {2008},
  volume  = {32},
  number  = {2},
  pages   = {229 - 252},
}

@Article{7463016,
  author  = {D. Meng and K. L. Moore},
  title   = {Robust Iterative Learning Control for Nonrepetitive Uncertain Systems},
  journal = {IEEE Transactions on Automatic Control},
  year    = {2017},
  volume  = {62},
  number  = {2},
  pages   = {907-913},
  month   = {Feb},
}

@Article{7407616,
  author  = {S. Yin and B. Xiao and S. X. Ding and D. Zhou},
  title   = {A Review on Recent Development of Spacecraft Attitude Fault Tolerant Control System},
  journal = {IEEE Transactions on Industrial Electronics},
  year    = {2016},
  volume  = {63},
  number  = {5},
  pages   = {3311-3320},
  month   = {May},
}

@Article{7486962,
  author  = {J. Song and Y. Niu and Y. Zou},
  title   = {Finite-Time Stabilization via Sliding Mode Control},
  journal = {IEEE Transactions on Automatic Control},
  year    = {2017},
  volume  = {62},
  number  = {3},
  pages   = {1478-1483},
  month   = {March},
}

@Article{7500084,
  author  = {A. Mathkar and V. S. Borkar},
  title   = {Distributed Reinforcement Learning via Gossip},
  journal = {IEEE Transactions on Automatic Control},
  year    = {2017},
  volume  = {62},
  number  = {3},
  pages   = {1465-1470},
  month   = {March},
}

@Article{7492276,
  author  = {Y. Sun and F. Jing and Z. Liang and M. Tan},
  title   = {MMSE State Estimation Approach for Linear Discrete-Time Systems With Time-Delay and Multi-Error Measurements},
  journal = {IEEE Transactions on Automatic Control},
  year    = {2017},
  volume  = {62},
  number  = {3},
  pages   = {1530-1536},
  month   = {March},
}

@Article{7501620,
  author  = {S. Longhi and A. Monteriù},
  title   = {Fault Detection and Isolation of Linear Discrete-Time Periodic Systems Using the Geometric Approach},
  journal = {IEEE Transactions on Automatic Control},
  year    = {2017},
  volume  = {62},
  number  = {3},
  pages   = {1518-1523},
  month   = {March},
}

@InProceedings{5717278,
  author    = {S. Longhi and A. Monteriù},
  title     = {A geometric approach to Fault Detection and Isolation Problem for linear periodic systems},
  booktitle = {49th IEEE Conference on Decision and Control (CDC)},
  year      = {2010},
  pages     = {7724-7729},
  month     = {Dec},
}

@Article{7031437,
  author  = {S. Yin and X. Zhu},
  title   = {Intelligent Particle Filter and Its Application to Fault Detection of Nonlinear System},
  journal = {IEEE Transactions on Industrial Electronics},
  year    = {2015},
  volume  = {62},
  number  = {6},
  pages   = {3852-3861},
  month   = {June},
}

@Article{Patton20101093,
  author  = {Ron J. Patton and Faisal J. Uppal and Silvio Simani and Bernard Polle},
  title   = {Robust \{FDI\} applied to thruster faults of a satellite system},
  journal = {Control Engineering Practice},
  year    = {2010},
  volume  = {18},
  number  = {9},
  pages   = {1093 - 1109},
}

@InProceedings{Qian_Hou_2008,
  author    = {Qian Hou and Yuehua Cheng and Ningyun Lu and Bin Jiang},
  title     = {Study on {FDD} and {FTC} of satellite attitude control system based on the effectiveness factor},
  booktitle = {2008 2nd International Symposium on Systems and Control in Aerospace and Astronautics},
  year      = {2008},
  month     = {dec},
  publisher = {Institute of Electrical and Electronics Engineers ({IEEE})},
}

@InProceedings{4414102,
  author    = {H. A. Talebi and R. V. Patel and K. Khorasani},
  title     = {Fault detection and isolation for uncertain nonlinear systems with application to a satellite reaction wheel actuator},
  booktitle = {2007 IEEE International Conference on Systems, Man and Cybernetics},
  year      = {2007},
  pages     = {3140-3145},
  month     = {Oct},
}

@InProceedings{1657635,
  author    = {Qing Wu and M. Saif},
  title     = {Robust fault diagnosis for a satellite large angle attitude system using an iterative neuron PID (INPID) observer},
  booktitle = {2006 American Control Conference},
  year      = {2006},
  pages     = {6 pp.-},
  month     = {June},
}

@Article{6717991,
  author  = {S. Yin and S. X. Ding and X. Xie and H. Luo},
  title   = {A Review on Basic Data-Driven Approaches for Industrial Process Monitoring},
  journal = {IEEE Transactions on Industrial Electronics},
  year    = {2014},
  volume  = {61},
  number  = {11},
  pages   = {6418-6428},
  month   = {Nov},
}

@Article{7067026,
  author  = {S. Yin and O. Kaynak},
  title   = {Big Data for Modern Industry: Challenges and Trends [Point of View]},
  journal = {Proceedings of the IEEE},
  year    = {2015},
  volume  = {103},
  number  = {2},
  pages   = {143-146},
  month   = {Feb},
}

@Article{williamson2009fault,
  author  = {Williamson, Walton R and Speyer, Jason L and Dang, Vu T and Sharp, James},
  title   = {Fault detection and isolation for deep space satellites},
  journal = {Journal of guidance, control, and dynamics},
  year    = {2009},
  volume  = {32},
  number  = {5},
  pages   = {1570--1584},
}

@Article{Lieftucht2009478,
  author  = {Dirk Lieftucht and Marten Völker and Christian Sonntag and Uwe Kruger and George W. Irwin and Sebastian Engell},
  title   = {Improved fault diagnosis in multivariate systems using regression-based reconstruction},
  journal = {Control Engineering Practice},
  year    = {2009},
  volume  = {17},
  number  = {4},
  pages   = {478 - 493},
}

@Article{Lieftucht2006901,
  author  = {Dirk Lieftucht and Uwe Kruger and George W. Irwin},
  title   = {Improved reliability in diagnosing faults using multivariate statistics},
  journal = {Computers \& Chemical Engineering},
  year    = {2006},
  volume  = {30},
  number  = {5},
  pages   = {901 - 912},
}

@Article{7471518,
  author  = {Z. Hou and S. Liu and T. Tian},
  title   = {Lazy-Learning-Based Data-Driven Model-Free Adaptive Predictive Control for a Class of Discrete-Time Nonlinear Systems},
  journal = {IEEE Transactions on Neural Networks and Learning Systems},
  year    = {2016},
  volume  = {PP},
  number  = {99},
  pages   = {1-15},
}

@Book{techniques-adaptive-control,
  title     = {Techniques for Adaptive Control},
  publisher = {Elsevier},
  year      = {2003},
  author    = {VanDoren, Vance J.},
  isbn      = {978-0-7506-7495-9},
  booktitle = {Techniques for Adaptive Control},
}

@Article{doi:10.1177/027836498700600202,
  author  = {John J. Craig and Ping Hsu and S. Shankar Sastry},
  title   = {Adaptive Control of Mechanical Manipulators},
  journal = {The International Journal of Robotics Research},
  year    = {1987},
  volume  = {6},
  number  = {2},
  pages   = {16-28},
}

@InProceedings{4790835,
  author    = {F. Ahmed-Zaid and P. A. Ioannou and K. Gousman and R. Rooney},
  title     = {Accommodation of Failures in the Flight Control System of the F-16 Aircraft using Adaptive Control},
  booktitle = {1990 American Control Conference},
  year      = {1990},
  pages     = {764-769},
  month     = {May},
}

@Article{7394158,
  author  = {S. Yin and S. X. Ding and D. Zhou},
  title   = {Diagnosis and Prognosis for Complicated Industrial Systems - Part I},
  journal = {IEEE Transactions on Industrial Electronics},
  year    = {2016},
  volume  = {63},
  number  = {4},
  pages   = {2501-2505},
  month   = {April},
}

@Article{doi:10.1177/0954410012468391,
  author  = {Soumik Sarkar and Soumalya Sarkar and Kushal Mukherjee and Asok Ray and Abhishek Srivastav},
  title   = {Multi-sensor information fusion for fault detection in aircraft gas turbine engines},
  journal = {Proceedings of the Institution of Mechanical Engineers, Part G: Journal of Aerospace Engineering},
  year    = {2013},
  volume  = {227},
  number  = {12},
  pages   = {1988-2001},
}

@InProceedings{7526132,
  author    = {S. Sarkar and D. K. Jha and K. G. Lore and S. Sarkar and A. Ray},
  title     = {Multimodal spatiotemporal information fusion using neural-symbolic modeling for early detection of combustion instabilities},
  booktitle = {2016 American Control Conference (ACC)},
  year      = {2016},
  pages     = {4918-4923},
  month     = {July},
}

@InProceedings{7868209,
  author    = {M. Deghat and E. Lampiri and A. N. Bishop},
  title     = {Sensor fault detection for the roll dynamic model of a generic delta-wing aircraft},
  booktitle = {2016 Australian Control Conference (AuCC)},
  year      = {2016},
  pages     = {317-322},
  month     = {Nov},
}

@InProceedings{7526603,
  author    = {A. Ansari and D. S. Bernstein},
  title     = {Aircraft sensor fault detection using state and input estimation},
  booktitle = {2016 American Control Conference (ACC)},
  year      = {2016},
  pages     = {5951-5956},
  month     = {July},
}

@InProceedings{6981464,
  author    = {K. Rudin and G. J. J. Ducard and R. Y. Siegwart},
  title     = {A sensor fault detection for aircraft using a single Kalman filter and hidden Markov models},
  booktitle = {2014 IEEE Conference on Control Applications (CCA)},
  year      = {2014},
  pages     = {991-996},
  month     = {Oct},
}

@Article{7419900,
  author  = {Z. Chen and H. Fang and Y. Chang},
  title   = {Weighted Data-Driven Fault Detection and Isolation: A Subspace-Based Approach and Algorithms},
  journal = {IEEE Transactions on Industrial Electronics},
  year    = {2016},
  volume  = {63},
  number  = {5},
  pages   = {3290-3298},
  month   = {May},
}

@Article{7078889,
  author  = {Z. Li and R. Outbib and S. Giurgea and D. Hissel},
  title   = {Diagnosis for PEMFC Systems: A Data-Driven Approach With the Capabilities of Online Adaptation and Novel Fault Detection},
  journal = {IEEE Transactions on Industrial Electronics},
  year    = {2015},
  volume  = {62},
  number  = {8},
  pages   = {5164-5174},
  month   = {Aug},
}

@Article{7115190,
  author  = {P. Baraldi and F. Di Maio and D. Genini and E. Zio},
  title   = {Comparison of Data-Driven Reconstruction Methods For Fault Detection},
  journal = {IEEE Transactions on Reliability},
  year    = {2015},
  volume  = {64},
  number  = {3},
  pages   = {852-860},
  month   = {Sept},
}

@Article{6862048,
  author  = {G. Wang and S. Yin and O. Kaynak},
  title   = {An LWPR-Based Data-Driven Fault Detection Approach for Nonlinear Process Monitoring},
  journal = {IEEE Transactions on Industrial Informatics},
  year    = {2014},
  volume  = {10},
  number  = {4},
  pages   = {2016-2023},
  month   = {Nov},
}

@Article{6420042,
  author  = {M. Grbovic and W. Li and N. A. Subrahmanya and A. K. Usadi and S. Vucetic},
  title   = {Cold Start Approach for Data-Driven Fault Detection},
  journal = {IEEE Transactions on Industrial Informatics},
  year    = {2013},
  volume  = {9},
  number  = {4},
  pages   = {2264-2273},
  month   = {Nov},
}

@Article{6473995,
  author  = {Z. Luo and H. Fang},
  title   = {Modified state prediction algorithm based on UKF},
  journal = {Journal of Systems Engineering and Electronics},
  year    = {2013},
  volume  = {24},
  number  = {1},
  pages   = {135-140},
  month   = {Feb},
}

@Article{6994386,
  author  = {L. Xia and H. Fang and X. Liu},
  title   = {Hidden Markov model parameters estimation with independent multiple observations and inequality constraints},
  journal = {IET Signal Processing},
  year    = {2014},
  volume  = {8},
  number  = {9},
  pages   = {938-949},
}

@Article{7390039,
  author  = {Z. Zhou and C. Wen and C. Yang},
  title   = {Fault Isolation Based on k-Nearest Neighbor Rule for Industrial Processes},
  journal = {IEEE Transactions on Industrial Electronics},
  year    = {2016},
  volume  = {63},
  number  = {4},
  pages   = {2578-2586},
  month   = {April},
}

@Article{5710399,
  author  = {X. Zhang},
  title   = {Sensor Bias Fault Detection and Isolation in a Class of Nonlinear Uncertain Systems Using Adaptive Estimation},
  journal = {IEEE Transactions on Automatic Control},
  year    = {2011},
  volume  = {56},
  number  = {5},
  pages   = {1220-1226},
  month   = {May},
}

@Article{928586,
  author  = {C. De Persis and A. Isidori},
  title   = {A geometric approach to nonlinear fault detection and isolation},
  journal = {IEEE Transactions on Automatic Control},
  year    = {2001},
  volume  = {46},
  number  = {6},
  pages   = {853-865},
  month   = {Jun},
}

@Article{7473929,
  author  = {Y. Trachi and E. Elbouchikhi and V. Choqueuse and M. E. H. Benbouzid},
  title   = {Induction Machines Fault Detection Based on Subspace Spectral Estimation},
  journal = {IEEE Transactions on Industrial Electronics},
  year    = {2016},
  volume  = {63},
  number  = {9},
  pages   = {5641-5651},
  month   = {Sept},
}

@Article{6423903,
  author  = {X. Dai and Z. Gao},
  title   = {From Model, Signal to Knowledge: A Data-Driven Perspective of Fault Detection and Diagnosis},
  journal = {IEEE Transactions on Industrial Informatics},
  year    = {2013},
  volume  = {9},
  number  = {4},
  pages   = {2226-2238},
  month   = {Nov},
}

@Article{Venkatasubramanian2003293,
  author  = {Venkat Venkatasubramanian and Raghunathan Rengaswamy and Kewen Yin and Surya N. Kavuri},
  title   = {A review of process fault detection and diagnosis: Part I: Quantitative model-based methods},
  journal = {Computers \& Chemical Engineering},
  year    = {2003},
  volume  = {27},
  number  = {3},
  pages   = {293 - 311},
}

@InProceedings{1368175,
  author    = {C. S. Byington and M. Watson and D. Edwards},
  title     = {Data-driven neural network methodology to remaining life predictions for aircraft actuator components},
  booktitle = {2004 IEEE Aerospace Conference Proceedings (IEEE Cat. No.04TH8720)},
  year      = {2004},
  volume    = {6},
  pages     = {3581-3589 Vol.6},
  month     = {March},
}

@InProceedings{lee2014adaptive,
  author    = {Lee, Hanmin and Snyder, Steven and Hovakimyan, Naira},
  title     = {An adaptive unknown input observer for fault detection and isolation of aircraft actuator faults},
  booktitle = {AIAA Guidance, Navigation, and Control Conference},
  year      = {2014},
  pages     = {0266},
}

@thesis{dong2009data,
  author = {Dong, J},
  title  = {Data driven fault tolerant control: a subspace approach},
  school = {TU Delft, Delft University of Technology},
  year   = {2009},
  month  = {Nov},
}

@InProceedings{7885914,
  author    = {A. Chen and H. Zhou and J. Jiao and T. Gao},
  title     = {SVD and statistic theory based modified TPLS},
  booktitle = {2016 Seventh International Conference on Intelligent Control and Information Processing (ICICIP)},
  year      = {2016},
  pages     = {49-54},
  month     = {Dec},
}

@Misc{EKFonlineTutorial,
  title        = {Levy's online EKF Tutorial},
  howpublished = {\url{https://home.wlu.edu/~levys/kalman_tutorial/}},
  note         = {Accessed: 2017-03-30},
}

@Article{7457311,
  author  = {X. Guo and J. Wang and F. Liao and R. S. H. Teo},
  title   = {Distributed Adaptive Sliding Mode Control Strategy for Vehicle-Following Systems With Nonlinear Acceleration Uncertainties},
  journal = {IEEE Transactions on Vehicular Technology},
  year    = {2017},
  volume  = {66},
  number  = {2},
  pages   = {981-991},
  month   = {Feb},
}

@Article{7865957,
  author  = {Z. Zheng and Z. Jin and L. Sun and M. Zhu},
  title   = {Adaptive Sliding Mode Relative Motion Control for Autonomous Carrier Landing of Fixed-wing Unmanned Aerial Vehicles},
  journal = {IEEE Access},
  year    = {2017},
  volume  = {PP},
  number  = {99},
  pages   = {1-1},
}

@Article{7511750,
  author  = {I. Markovsky},
  title   = {A Missing Data Approach to Data-Driven Filtering and Control},
  journal = {IEEE Transactions on Automatic Control},
  year    = {2017},
  volume  = {62},
  number  = {4},
  pages   = {1972-1978},
  month   = {April},
}

@Article{7508405,
  author  = {T. Bian and Z. P. Jiang},
  title   = {A Tool for the Global Stabilization of Stochastic Nonlinear Systems},
  journal = {IEEE Transactions on Automatic Control},
  year    = {2017},
  volume  = {62},
  number  = {4},
  pages   = {1946-1951},
  month   = {April},
}

@Article{7498634,
  author  = {H. Ashrafiuon and S. Nersesov and G. Clayton},
  title   = {Trajectory Tracking Control of Planar Underactuated Vehicles},
  journal = {IEEE Transactions on Automatic Control},
  year    = {2017},
  volume  = {62},
  number  = {4},
  pages   = {1959-1965},
  month   = {April},
}

@Article{7728044,
  author  = {X. He and Z. Wang and Y. Liu and L. Qin and D. Zhou},
  title   = {Fault-Tolerant Control for an Internet-Based Three-Tank System: Accommodation to Sensor Bias Faults},
  journal = {IEEE Transactions on Industrial Electronics},
  year    = {2017},
  volume  = {64},
  number  = {3},
  pages   = {2266-2275},
  month   = {March},
}

@InProceedings{6859271,
  author    = {A. Fekih},
  title     = {Fault diagnosis and Fault Tolerant Control design for aerospace systems: A bibliographical review},
  booktitle = {2014 American Control Conference},
  year      = {2014},
  pages     = {1286-1291},
  month     = {June},
}

@InProceedings{1025477,
  author    = {J. D. Boskovic and R. K. Mehra},
  title     = {Fault accommodation using model predictive methods},
  booktitle = {Proceedings of the 2002 American Control Conference (IEEE Cat. No.CH37301)},
  year      = {2002},
  volume    = {6},
  pages     = {5104-5109 vol.6},
  month     = {May},
}

@InProceedings{7172148,
  author    = {M. Moradi and A. Fekih},
  title     = {A novel sliding mode-based fault tolerant control design for vehicle active suspension systems},
  booktitle = {2015 American Control Conference (ACC)},
  year      = {2015},
  pages     = {5182-5187},
  month     = {July},
}

@Article{Alwi2008Fault,
  author  = {Alwi, Halim and Edwards, Christopher and Stroosma, Olaf and Mulder, J. A.},
  title   = {Fault Tolerant Sliding Mode Control Design with Piloted Simulator Evaluation},
  journal = {Journal of Guidance Control \& Dynamics},
  year    = {2008},
  volume  = {31},
  number  = {5},
  pages   = {1186-1201},
}

@Article{Johansen20131087,
  author  = {Tor A. Johansen and Thor I. Fossen},
  title   = {Control allocation—A survey},
  journal = {Automatica},
  year    = {2013},
  volume  = {49},
  number  = {5},
  pages   = {1087 - 1103},
}

@Article{Hou2013From,
  author  = {Hou, Zhong Sheng and Wang, Zhuo},
  title   = {From model-based control to data-driven control: Survey, classification and perspective},
  journal = {Information Sciences},
  year    = {2013},
  volume  = {235},
  number  = {235},
  pages   = {3–35},
}

@thesis{woodly2001,
  author = {Bruce. R. Woodly},
  title  = {Model Free Subspace based H\infty control},
  school = {Stanford University},
  year   = {2001},
  month  = {Nov},
}

@Article{1709933,
  author  = {D. Ye and G. H. Yang},
  title   = {Adaptive Fault-Tolerant Tracking Control Against Actuator Faults With Application to Flight Control},
  journal = {IEEE Transactions on Control Systems Technology},
  year    = {2006},
  volume  = {14},
  number  = {6},
  pages   = {1088-1096},
  month   = {Nov},
}

@Article{shin2008adaptive,
  author  = {Shin, Yoonghyun and Calise, Anthony J and Johnson, Matthew},
  title   = {Adaptive control of advanced fighter aircraft in nonlinear flight regimes},
  journal = {Journal of guidance, control, and dynamics},
  year    = {2008},
  volume  = {31},
  number  = {5},
  pages   = {1464--1477},
}

@Article{wang2014sliding,
  author    = {Wang, Tao and Xie, Wenfang and Zhang, Youmin},
  title     = {Sliding mode reconfigurable fault tolerant control for nonlinear aircraft systems},
  journal   = {Journal of Aerospace Engineering},
  year      = {2014},
  volume    = {28},
  number    = {3},
  pages     = {04014086},
  publisher = {American Society of Civil Engineers},
}

@InProceedings{912363,
  author    = {Z. Yang and J. Stoustrup},
  title     = {Robust reconfigurable control for parametric and additive faults with FDI uncertainties},
  booktitle = {Proceedings of the 39th IEEE Conference on Decision and Control (Cat. No.00CH37187)},
  year      = {2000},
  volume    = {4},
  pages     = {4132-4137 vol.4},
}

@Article{ducard2008efficient,
  author  = {Ducard, Guillaume and Geering, Hans Peter},
  title   = {Efficient nonlinear actuator fault detection and isolation system for unmanned aerial vehicles},
  journal = {Journal of Guidance, Control, and Dynamics},
  year    = {2008},
  volume  = {31},
  number  = {1},
  pages   = {225--237},
}

@Article{shore2005flight,
  author  = {Shore, David and Bodson, Marc},
  title   = {Flight testing of a reconfigurable control system on an unmanned aircraft},
  journal = {Journal of Guidance, Control, and Dynamics},
  year    = {2005},
  volume  = {28},
  number  = {4},
  pages   = {698--707},
}

@Article{jiang2005fault,
  author  = {Jiang, Jin},
  title   = {Fault-tolerant control systems—an introductory overview},
  journal = {Chinese Journal of Automation},
  year    = {2005},
  volume  = {31},
  number  = {1},
  pages   = {161--174},
}

@Article{Marzat2012modelbased,
  author  = {J Marzat and H Piet-Lahanier and F Damongeot and E Walter},
  title   = {Model-based fault diagnosis for aerospace systems: a survey},
  journal = {Proceedings of the Institution of Mechanical Engineers, Part G: Journal of Aerospace Engineering},
  year    = {2012},
  volume  = {226},
  number  = {10},
  pages   = {1329-1360},
}

@Article{6560360,
  author  = {S. Yin and H. Luo and S. X. Ding},
  title   = {Real-Time Implementation of Fault-Tolerant Control Systems With Performance Optimization},
  journal = {IEEE Transactions on Industrial Electronics},
  year    = {2014},
  volume  = {61},
  number  = {5},
  pages   = {2402-2411},
  month   = {May},
}

@Article{BLANKE1997693,
  author  = {M. Blanke and R. Izadi-Zamanabadi and S.A. Bøgh and C.P. Lunau},
  title   = {Fault-tolerant control systems — A holistic view},
  journal = {Control Engineering Practice},
  year    = {1997},
  volume  = {5},
  number  = {5},
  pages   = {693 - 702},
}

@Article{7297846,
  author  = {S. Yin and G. Wang and H. Gao},
  title   = {Data-Driven Process Monitoring Based on Modified Orthogonal Projections to Latent Structures},
  journal = {IEEE Transactions on Control Systems Technology},
  year    = {2016},
  volume  = {24},
  number  = {4},
  pages   = {1480-1487},
  month   = {July},
}

@InProceedings{5160615,
  author    = {S. Ye and Y. Zhang and X. Wang and C. A. Rabbath},
  title     = {Robust Fault-Tolerant Control using on-line control re-allocation with application to aircraft},
  booktitle = {2009 American Control Conference},
  year      = {2009},
  pages     = {5534-5539},
  month     = {June},
}

@InProceedings{4659894,
  author    = {S. l. Zhao and Y. C. Zhang},
  title     = {SVM Classifier Based Fault Diagnosis of the Satellite Attitude Control System},
  booktitle = {2008 International Conference on Intelligent Computation Technology and Automation (ICICTA)},
  year      = {2008},
  volume    = {2},
  pages     = {907-911},
  month     = {Oct},
}

@Article{6158618,
  author  = {H. A. Talebi and K. Khorasani},
  title   = {A Neural Network-Based Multiplicative Actuator Fault Detection and Isolation of Nonlinear Systems},
  journal = {IEEE Transactions on Control Systems Technology},
  year    = {2013},
  volume  = {21},
  number  = {3},
  pages   = {842-851},
  month   = {May},
}

@InProceedings{1716609,
  author    = {Z. Q. Li and L. Ma and K. Khorasani},
  title     = {A Dynamic Neural Network-based Reaction Wheel Fault Diagnosis for Satellites},
  booktitle = {The 2006 IEEE International Joint Conference on Neural Network Proceedings},
  year      = {2006},
  pages     = {3714-3721},
}

@InProceedings{1556268,
  author    = {E. S. Tehrani and K. Khorasani and S. Tafazoli},
  title     = {Dynamic neural network-based estimator for fault diagnosis in reaction wheel actuator of satellite attitude control system},
  booktitle = {Proceedings. 2005 IEEE International Joint Conference on Neural Networks, 2005.},
  year      = {2005},
  volume    = {4},
  pages     = {2347-2352 vol. 4},
  month     = {July},
}

@Article{Venkateswaran2002535,
  author  = {N. Venkateswaran and M. S. Siva and P. S. Goel},
  title   = {Analytical redundancy based fault detection of gyroscopes in spacecraft applications},
  journal = {Acta Astronautica},
  year    = {2002},
  volume  = {50},
  number  = {9},
  pages   = {535 - 545},
}

@Article{7021921,
  author  = {G. Wang and S. Yin},
  title   = {Quality-Related Fault Detection Approach Based on Orthogonal Signal Correction and Modified PLS},
  journal = {IEEE Transactions on Industrial Informatics},
  year    = {2015},
  volume  = {11},
  number  = {2},
  pages   = {398-405},
  month   = {April},
}

@InProceedings{687904,
  author    = {R. Mehra and C. Rago and S. Seereeram},
  title     = {Autonomous failure detection, identification and fault-tolerant estimation with aerospace applications},
  booktitle = {1998 IEEE Aerospace Conference Proceedings (Cat. No.98TH8339)},
  year      = {1998},
  volume    = {2},
  pages     = {133-138 vol.2},
  month     = {Mar},
}

@Article{7499835,
  author  = {J. M. Yang},
  title   = {Fault-Tolerant Corrective Control With Bounded Delays},
  journal = {IEEE Transactions on Automatic Control},
  year    = {2017},
  volume  = {62},
  number  = {4},
  pages   = {1992-1998},
  month   = {April},
}

@Article{MACGREGOR1995403,
  author  = {J.F. MacGregor and T. Kourti},
  title   = {Statistical process control of multivariate processes},
  journal = {Control Engineering Practice},
  year    = {1995},
  volume  = {3},
  number  = {3},
  pages   = {403 - 414},
}

@Article{4602723,
  author  = {X. G. Yan and C. Edwards},
  title   = {Adaptive Sliding-Mode-Observer-Based Fault Reconstruction for Nonlinear Systems With Parametric Uncertainties},
  journal = {IEEE Transactions on Industrial Electronics},
  year    = {2008},
  volume  = {55},
  number  = {11},
  pages   = {4029-4036},
  month   = {Nov},
}

@Article{5699388,
  author  = {Z. Zhu and Y. Xia and M. Fu},
  title   = {Adaptive Sliding Mode Control for Attitude Stabilization With Actuator Saturation},
  journal = {IEEE Transactions on Industrial Electronics},
  year    = {2011},
  volume  = {58},
  number  = {10},
  pages   = {4898-4907},
  month   = {Oct},
}

@Article{Alwi20081859,
  author        = {Halim Alwi and Christopher Edwards},
  title         = {Fault tolerant control using sliding modes with on-line control allocation},
  journal       = {Automatica},
  year          = {2008},
  volume        = {44},
  number        = {7},
  pages         = {1859 - 1866},
  __markedentry = {[xiaoc:]},
}

@Article{Härkegård2005137,
  author  = {Ola Härkegård and S. Torkel Glad},
  title   = {Resolving actuator redundancy—optimal control vs. control allocation},
  journal = {Automatica},
  year    = {2005},
  volume  = {41},
  number  = {1},
  pages   = {137 - 144},
}

@Article{Sadeghzadeh2012247,
  author  = {Iman Sadeghzadeh and Abbas Chamseddine and Youmin Zhang and Didier Theilliol},
  title   = {Control Allocation and Re-allocation for a Modified Quadrotor Helicopter against Actuator Faults},
  journal = {\{IFAC\} Proceedings Volumes},
  year    = {2012},
  volume  = {45},
  number  = {20},
  pages   = {247 - 252},
  note    = {8th \{IFAC\} Symposium on Fault Detection, Supervision and Safety of Technical Processes},
}

@Article{Demenkov20114696,
  author  = {Max Demenkov},
  title   = {Reconfigurable direct control allocation for overactuated systems},
  journal = {\{IFAC\} Proceedings Volumes},
  year    = {2011},
  volume  = {44},
  number  = {1},
  pages   = {4696 - 4700},
  note    = {18th \{IFAC\} World Congress},
}

@Article{Scordamaglia2012127,
  author  = {V. Scordamaglia and A. Sollazzo and M. Mattei},
  title   = {Fixed Structure Flight Control Design of an Over-actuated Aircraft in the Presence of Actuators with Different Dynamic Performance},
  journal = {\{IFAC\} Proceedings Volumes},
  year    = {2012},
  volume  = {45},
  number  = {13},
  pages   = {127 - 132},
  note    = {7th \{IFAC\} Symposium on Robust Control Design},
}

@Article{Khimani2014748,
  author  = {Deepti Khimani and Machhindranath Patil},
  title   = {Fault-tolerant Sliding Mode Control for Uncertain Over-actuated Systems},
  journal = {\{IFAC\} Proceedings Volumes},
  year    = {2014},
  volume  = {47},
  number  = {1},
  pages   = {748 - 753},
  note    = {3rd International Conference on Advances in Control and Optimization of Dynamical Systems (2014)},
}

@Article{Alwi2009265,
  author  = {H. Alwi and C. Edwards and O. Stroosma and J.A. Mulder},
  title   = {A Fault Tolerant Sliding Mode Control Allocation Benchmark Evaluation},
  journal = {\{IFAC\} Proceedings Volumes},
  year    = {2009},
  volume  = {42},
  number  = {8},
  pages   = {265 - 270},
  note    = {7th \{IFAC\} Symposium on Fault Detection, Supervision and Safety of Technical Processes},
}

@Article{Khelassi201113729,
  author  = {A. Khelassi and J. Jiang and D. Theilliol and P. Weber and Y.M. Zhang},
  title   = {Reconfiguration of Control Inputs for overactuated Systems based on Actuators health},
  journal = {\{IFAC\} Proceedings Volumes},
  year    = {2011},
  volume  = {44},
  number  = {1},
  pages   = {13729 - 13734},
  note    = {18th \{IFAC\} World Congress},
}

@Article{Lin2017,
  author  = {Xue Lin and Hairong Dong and Xiuming Yao and Weiqi Bai},
  title   = {Neural adaptive fault-tolerant control for high-speed trains with input saturation and unknown disturbance},
  journal = {Neurocomputing},
  year    = {2017},
  pages   = {32-42},
}

@Article{Ao2017,
  author  = {Wei Ao and Yongdong Song and Changyun Wen},
  title   = {Adaptive robust fault tolerant control design for a class of nonlinear uncertain \{MIMO\} systems with quantization},
  journal = {\{ISA\} Transactions},
  year    = {2017},
  pages   = {-},
}

@Article{Hu2015130,
  author  = {Bin Hu and Peter Seiler},
  title   = {Pivotal decomposition for reliability analysis of fault tolerant control systems on unmanned aerial vehicles},
  journal = {Reliability Engineering \& System Safety},
  year    = {2015},
  volume  = {140},
  pages   = {130 - 141},
}

@Article{Mekki2015340,
  author  = {Hemza Mekki and Omar Benzineb and Djamel Boukhetala and Mohamed Tadjine and Mohamed Benbouzid},
  title   = {Sliding mode based fault detection, reconstruction and fault tolerant control scheme for motor systems},
  journal = {\{ISA\} Transactions},
  year    = {2015},
  volume  = {57},
  pages   = {340 - 351},
}

@InProceedings{4160860,
  author    = {A. Fekih and P. Pilla},
  title     = {A Passive Fault Tolerant Control Strategy for the uncertain MIMO Aircraft Model F-18},
  booktitle = {2007 Thirty-Ninth Southeastern Symposium on System Theory},
  year      = {2007},
  pages     = {320-325},
  month     = {March},
}

@InProceedings{5281005,
  author    = {A. Fekih},
  title     = {A robust fault tolerant control strategy for aircraft systems},
  booktitle = {2009 IEEE Control Applications, (CCA) Intelligent Control, (ISIC)},
  year      = {2009},
  pages     = {1643-1648},
  month     = {July},
}

@Article{oppenheimer2004methods,
  author  = {Oppenheimer, Michael W and Doman, David B},
  title   = {Methods for compensating for control allocator and actuator interactions},
  journal = {Journal of guidance, control, and dynamics},
  year    = {2004},
  volume  = {27},
  number  = {5},
  pages   = {922--927},
}

@Article{6670789,
  author  = {D. Bustan and S. K. H. Sani and N. Pariz},
  title   = {Adaptive Fault-Tolerant Spacecraft Attitude Control Design With Transient Response Control},
  journal = {IEEE/ASME Transactions on Mechatronics},
  year    = {2014},
  volume  = {19},
  number  = {4},
  pages   = {1404-1411},
  month   = {Aug},
}

@Article{6748057,
  author  = {S. Yin and X. Li and H. Gao and O. Kaynak},
  title   = {Data-Based Techniques Focused on Modern Industry: An Overview},
  journal = {IEEE Transactions on Industrial Electronics},
  year    = {2015},
  volume  = {62},
  number  = {1},
  pages   = {657-667},
  month   = {Jan},
}

@Article{Jiang2000Design,
  author  = {Jiang, Jin and Zhao, Qing},
  title   = {Design of Reliable Control Systems Possessing Actuator Redundancies},
  journal = {Journal of Guidance Control \& Dynamics},
  year    = {2000},
  volume  = {23},
  number  = {4},
  pages   = {709-718},
}

@Article{Tian20101907,
  author  = {Engang Tian and Dong Yue and Chen Peng},
  title   = {Reliable control for networked control systems with probabilistic actuator fault and random delays},
  journal = {Journal of the Franklin Institute},
  year    = {2010},
  volume  = {347},
  number  = {10},
  pages   = {1907 - 1926},
}

@Article{728875,
  author  = {Guang-Hong Yang and Si-Yang Zhang and J. Lam and Jianliang Wang},
  title   = {Reliable control using redundant controllers},
  journal = {IEEE Transactions on Automatic Control},
  year    = {1998},
  volume  = {43},
  number  = {11},
  pages   = {1588-1593},
  month   = {Nov},
}

@Article{7850999,
  author  = {D. Ye and L. Su and J. L. Wang and Y. N. Pan},
  title   = {Adaptive Reliable $H_{\infty}$ Optimization Control for Linear Systems With Time-Varying Actuator Fault and Delays},
  journal = {IEEE Transactions on Systems, Man, and Cybernetics: Systems},
  year    = {2017},
  volume  = {PP},
  number  = {99},
  pages   = {1-9},
}

@InProceedings{7863042,
  author    = {V. Filaretov and A. Zuev and A. Gubankov and A. Procenko and D. Yukhimets},
  title     = {A new approach to synthesis of high speed and high reliable control systems for multilink manipulators},
  booktitle = {2016 International Conference on Computer, Control, Informatics and its Applications (IC3INA)},
  year      = {2016},
  pages     = {158-162},
  month     = {Oct},
}

@Article{7795198,
  author  = {S. Dong and Z. G. Wu and P. Shi and H. Su and R. Lu},
  title   = {Reliable Control of Fuzzy Systems With Quantization and Switched Actuator Failures},
  journal = {IEEE Transactions on Systems, Man, and Cybernetics: Systems},
  year    = {2016},
  volume  = {PP},
  number  = {99},
  pages   = {1-11},
}

@Article{847106,
  author  = {Yew-Wen Liang and Der-Cheng Liaw and Ti-Chung Lee},
  title   = {Reliable control of nonlinear systems},
  journal = {IEEE Transactions on Automatic Control},
  year    = {2000},
  volume  = {45},
  number  = {4},
  pages   = {706-710},
  month   = {Apr},
}

@Article{7505963,
  author  = {J. Tao and R. Lu and P. Shi and H. Su and Z. G. Wu},
  title   = {Dissipativity-Based Reliable Control for Fuzzy Markov Jump Systems With Actuator Faults},
  journal = {IEEE Transactions on Cybernetics},
  year    = {2016},
  volume  = {PP},
  number  = {99},
  pages   = {1-12},
}

@InProceedings{7554415,
  author    = {Y. Liu},
  title     = {Reliable control of networked switched systems subject to random sensor and actuator faults},
  booktitle = {2016 35th Chinese Control Conference (CCC)},
  year      = {2016},
  pages     = {6722-6727},
  month     = {July},
}

@InProceedings{1236798,
  author    = {Fang Liao and Jian Liang Wang and Guang-Hong Yang},
  title     = {Reliable H2 static output-feedback tracking control against aircraft wing/control surface impairment},
  booktitle = {2003 IEEE International Workshop on Workload Characterization (IEEE Cat. No.03EX775)},
  year      = {2003},
  volume    = {1},
  pages     = {112-117 vol.1},
  month     = {Aug},
}

@InProceedings{1185078,
  author    = {Fang Liao and Jian Liang Wang and Guang Hong Yang},
  title     = {Reliable aircraft tracking control via quadratic parameter-dependent Lyapunov functions: state feedback case},
  booktitle = {Proceedings of the 41st IEEE Conference on Decision and Control, 2002.},
  year      = {2002},
  volume    = {4},
  pages     = {4474-4479 vol.4},
  month     = {Dec},
}

@InProceedings{559051,
  author    = {Qing Zhao and Jin Jiang},
  title     = {Reliable control system design against feedback failures with applications to aircraft control},
  booktitle = {Proceeding of the 1996 IEEE International Conference on Control Applications IEEE International Conference on Control Applications held together with IEEE International Symposium on Intelligent Contro},
  year      = {1996},
  pages     = {994-999},
  month     = {Sep},
}

@Article{974340,
  author  = {Fang Liao and Jian Liang Wang and Guang-Hong Yang},
  title   = {Reliable robust flight tracking control: an LMI approach},
  journal = {IEEE Transactions on Control Systems Technology},
  year    = {2002},
  volume  = {10},
  number  = {1},
  pages   = {76-89},
  month   = {Jan},
}

@Article{VEILLETTE1995137,
  author  = {Robert J. Veillette},
  title   = {Reliable linear-quadratic state-feedback control},
  journal = {Automatica},
  year    = {1995},
  volume  = {31},
  number  = {1},
  pages   = {137 - 143},
}

@Article{CHEN2004349,
  author  = {Bing Chen and Xiaoping Liu},
  title   = {Reliable control design of fuzzy dynamic systems with time-varying delay},
  journal = {Fuzzy Sets and Systems},
  year    = {2004},
  volume  = {146},
  number  = {3},
  pages   = {349 - 374},
}

@Article{6064886,
  author  = {H. Li and H. Liu and H. Gao and P. Shi},
  title   = {Reliable Fuzzy Control for Active Suspension Systems With Actuator Delay and Fault},
  journal = {IEEE Transactions on Fuzzy Systems},
  year    = {2012},
  volume  = {20},
  number  = {2},
  pages   = {342-357},
  month   = {April},
}

@Article{5540530,
  author  = {E. Tian and D. Yue and C. Peng},
  title   = {Brief paper: reliable control for networked control systems with probabilistic sensors and actuators faults},
  journal = {IET Control Theory Applications},
  year    = {2010},
  volume  = {4},
  number  = {8},
  pages   = {1478-1488},
  month   = {August},
}

@InProceedings{70346,
  author    = {R. A. Date and J. H. Chow},
  title     = {A reliable coordinated decentralized control system design},
  booktitle = {Proceedings of the 28th IEEE Conference on Decision and Control,},
  year      = {1989},
  pages     = {1295-1300 vol.2},
  month     = {Dec},
}

@InProceedings{4790503,
  author    = {Y. J. Cho and Z. Bien and B. K. Kim},
  title     = {Reliable Control via Additive Redundant Adaptive Controller},
  booktitle = {1989 American Control Conference},
  year      = {1989},
  pages     = {1899-1904},
  month     = {June},
}

@Article{siljak1980,
  author  = {D. D. ŠILJAK},
  title   = {Reliable control using multiple control systems},
  journal = {International Journal of Control},
  year    = {1980},
  volume  = {31},
  number  = {2},
  pages   = {303-329},
}

@Article{866928,
  author  = {G. H. Yang and J. L. Wang and Y. C. Soh},
  title   = {Reliable LQG control with sensor failures},
  journal = {IEE Proceedings - Control Theory and Applications},
  year    = {2000},
  volume  = {147},
  number  = {4},
  pages   = {433-439},
  month   = {Jul},
}

@Book{ackermann2012sampled,
  title     = {Sampled-data control systems: analysis and synthesis, robust system design},
  publisher = {Springer Science \& Business Media},
  year      = {2012},
  author    = {Ackermann, J{\"u}rgen},
}

@Book{ackermann2012robust,
  title     = {Robust control: Systems with uncertain physical parameters},
  publisher = {Springer Science \& Business Media},
  year      = {2012},
  author    = {Ackermann, J{\"u}rgen},
}

@InProceedings{4789828,
  author    = {D. D. Siljak},
  title     = {Parameter Space Methods for Robust Control Design: A Guided Tour},
  booktitle = {1988 American Control Conference},
  year      = {1988},
  pages     = {783-783},
  month     = {June},
}

@Article{Zha20173267,
  author  = {Lijuan Zha and Jian-an Fang and Jinliang Liu and Engang Tian},
  title   = {Reliable control for hybrid-driven T–S fuzzy systems with actuator faults and probabilistic nonlinear perturbations},
  journal = {Journal of the Franklin Institute},
  year    = {2017},
  volume  = {354},
  number  = {8},
  pages   = {3267 - 3288},
}

@thesis{xudezhi2013,
  author = {许德智},
  title  = {复杂飞行器鲁棒容错控制技术研究},
  school = {南京航空航天大学},
  year   = {2013},
}

@thesis{xiaobing2014,
  author = {肖冰},
  title  = {执行器故障的航天器姿态容错控制},
  school = {哈尔滨工业大学},
  location = {哈尔滨},
  year   = {2014},
}

@thesis{wangdejun2014,
  author = {王德军},
  title  = {故障诊断与容错控制方法研究},
  school = {吉林大学},
  location = {长春},
  year   = {2004},
}

@thesis{xuyufei2011,
  author = {许域菲},
  title  = {近空间飞行器非线性容错控制技术研究},
  location = {南京},
  school = {南京航空航天大学},
  date   = {2011},
}

@thesis{gaozhifeng2011,
  author = {高志峰},
  title  = {复杂系统的容错控制技术及其在近空间飞行器中的应用研究},
  location = {南京},
  school = {南京航空航天大学},
  year   = {2011},
}

@InProceedings{4793482,
  author    = {J. V. Medanic},
  title     = {Design of Reliable Controllers Using Redundant Control Elements},
  booktitle = {1993 American Control Conference},
  year      = {1993},
  pages     = {3130-3134},
  month     = {June},
}

@Article{makarand1988actuator,
  author  = {MAKARAND S. PHATAK and N. VISWANADHAM},
  title   = {Actuator fault detection and isolation in linear systems},
  journal = {International Journal of Systems Science},
  year    = {1988},
  volume  = {19},
  number  = {12},
  pages   = {2593-2603},
}

@Misc{conner1979fail,
  author    = {Conner, Gary E},
  title     = {Fail safe redundant actuator},
  month     = dec #{~25},
  year      = {1979},
  note      = {US Patent 4,179,944},
  publisher = {Google Patents},
}

@Article{EsnaAshari2012866,
  author  = {Alireza Esna Ashari and Ramine Nikoukhah and Stephen L. Campbell},
  title   = {Effects of feedback on active fault detection},
  journal = {Automatica},
  year    = {2012},
  volume  = {48},
  number  = {5},
  pages   = {866 - 872},
}

@Article{Jiang201260,
  author  = {Jin Jiang and Xiang Yu},
  title   = {Fault-tolerant control systems: A comparative study between active and passive approaches},
  journal = {Annual Reviews in Control},
  year    = {2012},
  volume  = {36},
  number  = {1},
  pages   = {60 - 72},
}

@Article{Staroswiecki20072070,
  author  = {Marcel Staroswiecki and Hao Yang and Bin Jiang},
  title   = {Progressive accommodation of parametric faults in linear quadratic control},
  journal = {Automatica},
  year    = {2007},
  volume  = {43},
  number  = {12},
  pages   = {2070 - 2076},
}

@Article{4079591,
  author  = {Z. Yang and M. Blanke and M. Verhaegen},
  title   = {Robust control mixer method for reconfigurable control design using model matching},
  journal = {IET Control Theory Applications},
  year    = {2007},
  volume  = {1},
  number  = {1},
  pages   = {349-357},
  month   = {January},
}

@Book{isermann2006fault,
  title     = {Fault-diagnosis systems: an introduction from fault detection to fault tolerance},
  publisher = {Springer Science \& Business Media},
  year      = {2006},
  author    = {Isermann, Rolf},
}

@Article{5282515,
  author  = {I. Hwang and S. Kim and Y. Kim and C. E. Seah},
  title   = {A Survey of Fault Detection, Isolation, and Reconfiguration Methods},
  journal = {IEEE Transactions on Control Systems Technology},
  year    = {2010},
  volume  = {18},
  number  = {3},
  pages   = {636-653},
  month   = {May},
}

@Article{Venkatasubramanian2003A,
  author  = {Venkatasubramanian, Venkat and Rengaswamy, Raghunathan and Kavuri, Surya N},
  title   = {A review of process fault detection and diagnosis. Part II: Quanlitative models and search strategies. Comput. Chem. Eng. 27(3), 313-326},
  journal = {Computers \& Chemical Engineering},
  year    = {2003},
  volume  = {27},
  number  = {3},
  pages   = {313-326},
}

@Article{ISERMANN1984387,
  author  = {Rolf Isermann},
  title   = {Process fault detection based on modeling and estimation methods—A survey},
  journal = {Automatica},
  year    = {1984},
  volume  = {20},
  number  = {4},
  pages   = {387 - 404},
}

@Article{FRANK1990459,
  author  = {Paul M. Frank},
  title   = {Fault diagnosis in dynamic systems using analytical and knowledge-based redundancy},
  journal = {Automatica},
  year    = {1990},
  volume  = {26},
  number  = {3},
  pages   = {459 - 474},
}

@Article{ISERMANN1993815,
  author  = {Rolf Isermann},
  title   = {Fault diagnosis of machines via parameter estimation and knowledge processing—Tutorial paper},
  journal = {Automatica},
  year    = {1993},
  volume  = {29},
  number  = {4},
  pages   = {815 - 835},
}

@InProceedings{411478,
  author    = {G. Delmaire and J. P. Cassar and M. Staroswiecki},
  title     = {Identification and parity space techniques for failure detection in SISO systems including modelling errors},
  booktitle = {Proceedings of 1994 33rd IEEE Conference on Decision and Control},
  year      = {1994},
  volume    = {3},
  pages     = {2279-2285 vol.3},
  month     = {Dec},
}

@Article{BLOCH19951709,
  author  = {G. Bloch and M. Ouladsine and P. thomas},
  title   = {On-line fault diagnosis of dynamic systems via robust parameter estimation},
  journal = {Control Engineering Practice},
  year    = {1995},
  volume  = {3},
  number  = {12},
  pages   = {1709 - 1717},
}

@Book{Simani2003Model,
  title     = {Model-based Fault Diagnosis in Dynamic Systems Using Identification Techniques},
  publisher = {Springer London},
  year      = {2003},
  author    = {Simani, Silvio and Fantuzzi, Cesare and Meng, Ronald Jon Patton Beng,},
  pages     = {1-54},
}

@Article{Villemonteix2009Bayesian,
  author  = {Villemonteix, Julien and Vazquez, Emmanuel and Walter, Eric},
  title   = {Bayesian optimization for parameter identification on a small simulation budget},
  journal = {IFAC Proceedings Volumes},
  year    = {2009},
  volume  = {42},
  number  = {10},
  pages   = {1603-1608},
}

@Article{Kieffer2011Guaranteed,
  author  = {Kieffer, M and Walter, E},
  title   = {Guaranteed estimation of the parameters of nonlinear continuous time models: Contributions of interval analysis},
  journal = {International Journal of Adaptive Control \& Signal Processing},
  year    = {2011},
  volume  = {25},
  number  = {3},
  pages   = {191-207},
}

@Article{Puig2010Fault,
  author     = {Puig, Vicen\c{c}},
  title      = {Fault Diagnosis and Fault Tolerant Control Using Set-membership Approaches: Application to Real Case Studies},
  journal    = {Int. J. Appl. Math. Comput. Sci.},
  year       = {2010},
  volume     = {20},
  number     = {4},
  pages      = {619--635},
  month      = dec,
  acmid      = {2069388},
  address    = {Warsaw, Poland, Poland},
  issue_date = {Number 4 / December 2010},
  numpages   = {17},
  publisher  = {Versita},
}

@Article{1098323,
  author  = {D. Luenberger},
  title   = {Observers for multivariable systems},
  journal = {IEEE Transactions on Automatic Control},
  year    = {1966},
  volume  = {11},
  number  = {2},
  pages   = {190-197},
  month   = {April},
}

@Article{ALCORTAGARCIA1997663,
  author  = {E. Alcorta García and P.M. Frank},
  title   = {Deterministic nonlinear observer-based approaches to fault diagnosis: A survey},
  journal = {Control Engineering Practice},
  year    = {1997},
  volume  = {5},
  number  = {5},
  pages   = {663 - 670},
}

@Article{4101989,
  author  = {R. N. Clark},
  title   = {Instrument Fault Detection},
  journal = {IEEE Transactions on Aerospace and Electronic Systems},
  year    = {1978},
  volume  = {AES-14},
  number  = {3},
  pages   = {456-465},
  month   = {May},
}

@Article{Nejjari2008Extended,
  author  = {Nejjari, F. and Puig, V. and Giancristofaro, L. and Koehler, S.},
  title   = {Extended Luenberger Observer-Based Fault Detection for an Activated Sludge Process},
  journal = {IFAC Proceedings Volumes},
  year    = {2008},
  volume  = {41},
  number  = {2},
  pages   = {9725-9730},
}

@Article{ZEITZ1987149,
  author  = {M. Zeitz},
  title   = {The extended Luenberger observer for nonlinear systems},
  journal = {Systems \& Control Letters},
  year    = {1987},
  volume  = {9},
  number  = {2},
  pages   = {149 - 156},
}

@InProceedings{878691,
  author    = {Wen Chen and M. Saif and Yeng-Chai Soh},
  title     = {A variable structure adaptive observer approach for actuator fault detection and diagnosis in uncertain nonlinear systems},
  booktitle = {Proceedings of the 2000 American Control Conference. ACC (IEEE Cat. No.00CH36334)},
  year      = {2000},
  volume    = {4},
  pages     = {2674-2678 vol.4},
}

@Article{Zhang2010290,
  author  = {Xiaodong Zhang and Marios M. Polycarpou and Thomas Parisini},
  title   = {Fault diagnosis of a class of nonlinear uncertain systems with Lipschitz nonlinearities using adaptive estimation},
  journal = {Automatica},
  year    = {2010},
  volume  = {46},
  number  = {2},
  pages   = {290 - 299},
}

@Article{Busvelle2002HIGH,
  author  = {Busvelle, E. and Gauthier, J. P.},
  title   = {HIGH-GAIN AND NON-HIGH-GAIN OBSERVERS FOR NONLINEAR SYSTEMS},
  journal = {Contemporary Trends In Nonlinear Geometric Control Theory And Its Applications},
  year    = {2002},
  pages   = {257-286},
}

@InProceedings{5717995,
  author    = {V. Andrieu},
  title     = {Exponential convergence of nonlinear Luenberger observers},
  booktitle = {49th IEEE Conference on Decision and Control (CDC)},
  year      = {2010},
  pages     = {2163-2168},
  month     = {Dec},
}

@Book{Edwards2011Sliding,
  title     = {Sliding mode observers for fault detection and isolation},
  publisher = {Springer London},
  year      = {2011},
  author    = {Edwards, Christopher and Spurgeon, Sarah K and Patton, Ron J},
  pages     = {541-553},
}

@Article{1269645,
  author  = {B. Jiang and M. Staroswiecki and V. Cocquempot},
  title   = {Fault estimation in nonlinear uncertain systems using robust/sliding-mode observers},
  journal = {IEE Proceedings - Control Theory and Applications},
  year    = {2004},
  volume  = {151},
  number  = {1},
  pages   = {29-37},
  month   = {Jan},
}

@Book{Patan2008Artificial,
  title     = {Artificial neural network for the modelling and fault diagnosis of technical processes},
  publisher = {Springer Berlin Heidelberg},
  year      = {2008},
  author    = {Patan, Krzysztof},
}

@Article{MEHRA1971637,
  author  = {R.K. Mehra and J. Peschon},
  title   = {An innovations approach to fault detection and diagnosis in dynamic systems},
  journal = {Automatica},
  year    = {1971},
  volume  = {7},
  number  = {5},
  pages   = {637 - 640},
}

@Article{NIKOUKHAH19941851,
  author  = {Ramine Nikoukhah},
  title   = {Innovations generation in the presence of unknown inputs: Application to robust failure detection},
  journal = {Automatica},
  year    = {1994},
  volume  = {30},
  number  = {12},
  pages   = {1851 - 1867},
}

@Article{539440,
  author  = {A. Zolghadri},
  title   = {An algorithm for real-time failure detection in Kalman filters},
  journal = {IEEE Transactions on Automatic Control},
  year    = {1996},
  volume  = {41},
  number  = {10},
  pages   = {1537-1539},
  month   = {Oct},
}

@Article{willsky1986detection,
  author    = {Willsky, Alan},
  title     = {Detection of abrupt changes in dynamic systems},
  journal   = {Detection of abrupt changes in signals and dynamical systems},
  year      = {1986},
  pages     = {27--49},
  publisher = {Springer},
}

@Article{CHANG19952861,
  author  = {Chuei-Tin Chang and Jen-Wen Chen},
  title   = {Implementation issues concerning the EKF-based fault diagnosis techniques},
  journal = {Chemical Engineering Science},
  year    = {1995},
  volume  = {50},
  number  = {18},
  pages   = {2861 - 2882},
}

@InProceedings{4252507,
  author    = {L. Cork and R. Walker},
  title     = {Sensor Fault Detection for UAVs using a Nonlinear Dynamic Model and the IMM-UKF Algorithm},
  booktitle = {2007 Information, Decision and Control},
  year      = {2007},
  pages     = {230-235},
  month     = {Feb},
}

@Article{XIONG2005113,
  author  = {K. Xiong and C.W. Chan and H.Y. Zhang},
  title   = {UNSCENTED KALMAN FILTER FOR FAULT DETECTION},
  journal = {IFAC Proceedings Volumes},
  year    = {2005},
  volume  = {38},
  number  = {1},
  pages   = {113 - 118},
}

@Article{1271398,
  author  = {C. ANDRIEU and A. DOUCET and S. S. SINGH and V. B. TADIC},
  title   = {Particle methods for change detection, system identification, and control},
  journal = {Proceedings of the IEEE},
  year    = {2004},
  volume  = {92},
  number  = {3},
  pages   = {423-438},
  month   = {Mar},
}

@Article{971661,
  author  = {Ping Li and V. Kadirkamanathan},
  title   = {Particle filtering based likelihood ratio approach to fault diagnosis in nonlinear stochastic systems},
  journal = {IEEE Transactions on Systems, Man, and Cybernetics, Part C (Applications and Reviews)},
  year    = {2001},
  volume  = {31},
  number  = {3},
  pages   = {337-343},
  month   = {Aug},
}

@Article{Raïssi2010518,
  author  = {Tarek Raïssi and Gaétan Videau and Ali Zolghadri},
  title   = {Interval observer design for consistency checks of nonlinear continuous-time systems},
  journal = {Automatica},
  year    = {2010},
  volume  = {46},
  number  = {3},
  pages   = {518 - 527},
}

@Article{4547434,
  author  = {V. Puig and J. Quevedo and T. Escobet and F. Nejjari and S. de las Heras},
  title   = {Passive Robust Fault Detection of Dynamic Processes Using Interval Models},
  journal = {IEEE Transactions on Control Systems Technology},
  year    = {2008},
  volume  = {16},
  number  = {5},
  pages   = {1083-1089},
  month   = {Sept},
}

@Article{Korbicz2007609,
  author  = {Józef Korbicz and Marek Kowal},
  title   = {Neuro-fuzzy networks and their application to fault detection of dynamical systems},
  journal = {Engineering Applications of Artificial Intelligence},
  year    = {2007},
  volume  = {20},
  number  = {5},
  pages   = {609 - 617},
  note    = {Soft Computing Applications},
}

@InProceedings{patton1991review,
  author    = {Patton, RJ and Chen, J},
  title     = {A review of parity space approaches to fault diagnosis},
  booktitle = {IFAC/IMACS safeprocess conference},
  year      = {1991},
  pages     = {65--81},
}

@Article{GERTLER1995627,
  author  = {Janos J. Gertler and Ramin Monajemy},
  title   = {Generating directional residuals with dynamic parity relations},
  journal = {Automatica},
  year    = {1995},
  volume  = {31},
  number  = {4},
  pages   = {627 - 635},
}

@Article{Staroswiecki2001687,
  author  = {M. Staroswiecki and G. Comtet-Varga},
  title   = {Analytical redundancy relations for fault detection and isolation in algebraic dynamic systems},
  journal = {Automatica},
  year    = {2001},
  volume  = {37},
  number  = {5},
  pages   = {687 - 699},
}

@Article{shumsky2007redundancy,
  author  = {Shumsky, Alexey},
  title   = {Redundancy relations for fault diagnosis in nonlinear uncertain systems},
  journal = {International Journal of Applied Mathematics and Computer Science},
  year    = {2007},
  volume  = {17},
  number  = {4},
  pages   = {477--489},
}

@InProceedings{261546,
  author    = {R. J. Patton and J. Chen},
  title     = {Robust fault detection using eigenstructure assignment: a tutorial consideration and some new results},
  booktitle = {[1991] Proceedings of the 30th IEEE Conference on Decision and Control},
  year      = {1991},
  pages     = {2242-2247 vol.3},
  month     = {Dec},
}

@Article{1104419,
  author  = {M. A. Massoumnia},
  title   = {A geometric approach to the synthesis of failure detection filters},
  journal = {IEEE Transactions on Automatic Control},
  year    = {1986},
  volume  = {31},
  number  = {9},
  pages   = {839-846},
  month   = {September},
}

@Article{RNC:RNC523,
  author    = {Patton, Ron J. and Chen, Jie},
  title     = {On eigenstructure assignment for robust fault diagnosis},
  journal   = {International Journal of Robust and Nonlinear Control},
  year      = {2000},
  volume    = {10},
  number    = {14},
  pages     = {1193--1208},
  publisher = {John Wiley \& Sons, Ltd.},
}

@Article{doi:10.1080/00207179508921908,
  author  = {JANOS J. GERTLER and MOID M. KUNWER},
  title   = {Optimal residual decoupling for robust fault diagnosis},
  journal = {International Journal of Control},
  year    = {1995},
  volume  = {61},
  number  = {2},
  pages   = {395-421},
}

@Article{watanabe1982instrument,
  author  = {K. WATANABE and D. M. HIMMELBLAU},
  title   = {Instrument fault detection in systems with uncertainties},
  journal = {International Journal of Systems Science},
  year    = {1982},
  volume  = {13},
  number  = {2},
  pages   = {137-158},
}

@Article{jie1996design,
  author  = {JIE CHEN and RON J. PATTON and HONG-YUE ZHANG},
  title   = {Design of unknown input observers and robust fault detection filters},
  journal = {International Journal of Control},
  year    = {1996},
  volume  = {63},
  number  = {1},
  pages   = {85-105},
}

@InProceedings{1657536,
  author    = {Weitian Chen and M. Saif},
  title     = {Fault detection and isolation based on novel unknown input observer design},
  booktitle = {2006 American Control Conference},
  year      = {2006},
  pages     = {6},
  month     = {June},
}

@Article{220921,
  author  = {M. Saif and Y. Guan},
  title   = {A new approach to robust fault detection and identification},
  journal = {IEEE Transactions on Aerospace and Electronic Systems},
  year    = {1993},
  volume  = {29},
  number  = {3},
  pages   = {685-695},
  month   = {Jul},
}

@Article{272354,
  author  = {J. F. Magni and P. Mouyon},
  title   = {On residual generation by observer and parity space approaches},
  journal = {IEEE Transactions on Automatic Control},
  year    = {1994},
  volume  = {39},
  number  = {2},
  pages   = {441-447},
  month   = {Feb},
}

@Article{948476,
  author  = {H. Hammouri and P. Kabore and M. Kinnaert},
  title   = {A geometric approach to fault detection and isolation for bilinear systems},
  journal = {IEEE Transactions on Automatic Control},
  year    = {2001},
  volume  = {46},
  number  = {9},
  pages   = {1451-1455},
  month   = {Sep},
}

@InProceedings{1024022,
  author    = {Y. Iwatani and M. Ishikawa and S. Hara},
  title     = {Switched feedback control for first-order symmetric affine systems via time-state control form},
  booktitle = {Proceedings of the 2002 American Control Conference (IEEE Cat. No.CH37301)},
  year      = {2002},
  volume    = {3},
  pages     = {2516-2521 vol.3},
  month     = {May},
}

@Article{doi:10.1080/002071799220704,
  author  = {Mike Lind Rank and Henrik Niemann},
  title   = {Norm based design of fault detectors},
  journal = {International Journal of Control},
  year    = {1999},
  volume  = {72},
  number  = {9},
  pages   = {773-783},
}

@Article{Henry2005251,
  author  = {D. Henry and A. Zolghadri},
  title   = {Design and analysis of robust residual generators for systems under feedback control},
  journal = {Automatica},
  year    = {2005},
  volume  = {41},
  number  = {2},
  pages   = {251 - 264},
}

@Article{Zhong2003543,
  author  = {Maiying Zhong and Steven X. Ding and James Lam and Haibo Wang},
  title   = {An LMI approach to design robust fault detection filter for uncertain LTI systems},
  journal = {Automatica},
  year    = {2003},
  volume  = {39},
  number  = {3},
  pages   = {543 - 550},
}

@Article{Bokor2009113,
  author  = {József Bokor and Zoltán Szabó},
  title   = {Fault detection and isolation in nonlinear systems},
  journal = {Annual Reviews in Control},
  year    = {2009},
  volume  = {33},
  number  = {2},
  pages   = {113 - 123},
}

@Article{berdjag:hal-00198435,
  author      = {Berdjag, Denis and Christophe, Cyrille and Cocquempot, Vincent and Jiang, Bin},
  title       = {{NONLINEAR MODEL DECOMPOSITION FOR ROBUST FAULT DETECTION AND ISOLATION USING ALGEBRAIC TOOLS}},
  journal     = {{International Journal of Innovative Computing, Information and Control}},
  year        = {2006},
  volume      = {2},
  number      = {6},
  pages       = {1337-1354},
  month       = Dec,
  note        = {18 pages},
  hal_id      = {hal-00198435},
  hal_version = {v1},
  publisher   = {{ ICIC International}},
}

@Article{edelmayer2004input,
  author    = {Edelmayer, Andr{\'a}s and Bokor, J{\'o}zsef and Szab{\'o}, Zolt{\'a}n and Szigeti, Ferenc},
  title     = {Input reconstruction by means of system inversion: A geometric approach to fault detection and isolation in nonlinear systems},
  journal   = {International Journal of Applied Mathematics and Computer Science},
  year      = {2004},
  volume    = {14},
  number    = {2},
  pages     = {189--200},
  publisher = {University of Zielona Gora Press},
}

@Article{doi:10.1080/00207170802582215,
  author  = {A. Edelmayer and J. Bokor and Z. Szabó},
  title   = {Inversion-based residual generation for robust detection and isolation of faults by means of estimation of the inverse dynamics in linear dynamical systems},
  journal = {International Journal of Control},
  year    = {2009},
  volume  = {82},
  number  = {8},
  pages   = {1526-1538},
}

@Article{1102181,
  author  = {R. Hirschorn},
  title   = {Invertibility of multivariable nonlinear control systems},
  journal = {IEEE Transactions on Automatic Control},
  year    = {1979},
  volume  = {24},
  number  = {6},
  pages   = {855-865},
  month   = {December},
}

@Article{MARZAT2010951,
  author  = {Julien Marzat and Hélène Piet-Lahanier and Frédéric Damongeot and Eric Walter},
  title   = {Nonlinear FDI based on state derivatives, as provided by inertial measurement units},
  journal = {IFAC Proceedings Volumes},
  year    = {2010},
  volume  = {43},
  number  = {14},
  pages   = {951 - 956},
}

@InProceedings{5676073,
  author    = {J. Marzat and H. Piet-Lahanier and F. Damongeot and E. Walter},
  title     = {Fault diagnosis for nonlinear aircraft based on control-induced redundancy},
  booktitle = {2010 Conference on Control and Fault-Tolerant Systems (SysTol)},
  year      = {2010},
  pages     = {119-124},
  month     = {Oct},
}

@Article{NIEMANN2006587,
  author  = {Henrik Niemann},
  title   = {ACTIVE FAULT DIAGNOSIS IN CLOSED-LOOP UNCERTAIN SYSTEMS},
  journal = {IFAC Proceedings Volumes},
  year    = {2006},
  volume  = {39},
  number  = {13},
  pages   = {587 - 592},
}

@Article{ASHARI2009192,
  author  = {Alireza Esna Ashari and Ramine Nikoukhah and Stephen L. Campbell},
  title   = {Feedback in Active Fault Detection},
  journal = {IFAC Proceedings Volumes},
  year    = {2009},
  volume  = {42},
  number  = {10},
  pages   = {192 - 196},
}

@InProceedings{4602147,
  author    = {F. Bateman and H. Noura and M. Ouladsine},
  title     = {Active fault detection and isolation strategy for an unmanned aerial vehicle with redundant flight control surfaces},
  booktitle = {2008 16th Mediterranean Conference on Control and Automation},
  year      = {2008},
  pages     = {1246-1251},
  month     = {June},
}

@Article{Niemann2006Active,
  author  = {Niemann and H., H},
  title   = {Active fault diagnosis by temporary destabilization},
  journal = {Fault Detection Supervision \& Safety of Technical Processes},
  year    = {2006},
  volume  = {39},
  number  = {13},
  pages   = {563-568},
}

@Article{92987,
  author  = {C. A. Jacobson and C. N. Nett},
  title   = {An integrated approach to controls and diagnostics using the four parameter controller},
  journal = {IEEE Control Systems},
  year    = {1991},
  volume  = {11},
  number  = {6},
  pages   = {22-29},
  month   = {Oct},
}

@InProceedings{649678,
  author    = {H. H. Niemann and J. Stoustrup},
  title     = {Robust fault detection in open loop vs. closed loop},
  booktitle = {Proceedings of the 36th IEEE Conference on Decision and Control},
  year      = {1997},
  volume    = {5},
  pages     = {4496-4497 vol.5},
  month     = {Dec},
}

@Article{Qin2012220,
  author  = {S. Joe Qin},
  title   = {Survey on data-driven industrial process monitoring and diagnosis},
  journal = {Annual Reviews in Control},
  year    = {2012},
  volume  = {36},
  number  = {2},
  pages   = {220 - 234},
}

@Article{Yin20121567,
  author  = {Shen Yin and Steven X. Ding and Adel Haghani and Haiyang Hao and Ping Zhang},
  title   = {A comparison study of basic data-driven fault diagnosis and process monitoring methods on the benchmark Tennessee Eastman process},
  journal = {Journal of Process Control},
  year    = {2012},
  volume  = {22},
  number  = {9},
  pages   = {1567 - 1581},
}

@Book{jolliffe2002principal,
  title     = {Principal component analysis},
  publisher = {Wiley Online Library},
  year      = {2002},
  author    = {Jolliffe, Ian},
}

@Article{Ding2010138,
  author  = {S Ding and P Zhang and E Ding and S Yin and A Naik and P Deng and W Gui},
  title   = {On the Application of PCA Technique to Fault Diagnosis},
  journal = {Tsinghua Science \& Technology},
  year    = {2010},
  volume  = {15},
  number  = {2},
  pages   = {138 - 144},
}

@InProceedings{4602224,
  author    = {Y. Tharrault and G. Mourot and J. Ragot},
  title     = {Fault detection and isolation with robust principal component analysis},
  booktitle = {2008 16th Mediterranean Conference on Control and Automation},
  year      = {2008},
  pages     = {59-64},
  month     = {June},
}

@Article{Luo1999sensor,
  author  = {Luo, Rongfu and Misra, Manish and Himmelblau, David M.},
  title   = {Sensor Fault Detection via Multiscale Analysis and Dynamic PCA},
  journal = {Industrial \& Engineering Chemistry Research},
  year    = {1999},
  volume  = {38},
  number  = {4},
  pages   = {1489-1495},
}

@Article{Lee2004223,
  author  = {Jong-Min Lee and ChangKyoo Yoo and Sang Wook Choi and Peter A. Vanrolleghem and In-Beum Lee},
  title   = {Nonlinear process monitoring using kernel principal component analysis},
  journal = {Chemical Engineering Science},
  year    = {2004},
  volume  = {59},
  number  = {1},
  pages   = {223 - 234},
}

@Article{Li20111015,
  author  = {Zhizhou Li and Guohua Liu and Rui Zhang and Zhencai Zhu},
  title   = {Fault detection, identification and reconstruction for gyroscope in satellite based on independent component analysis},
  journal = {Acta Astronautica},
  year    = {2011},
  volume  = {68},
  number  = {7–8},
  pages   = {1015 - 1023},
}

@Article{Venkatasubramanian2003327,
  author  = {Venkat Venkatasubramanian and Raghunathan Rengaswamy and Surya N. Kavuri and Kewen Yin},
  title   = {A review of process fault detection and diagnosis: Part III: Process history based methods},
  journal = {Computers \& Chemical Engineering},
  year    = {2003},
  volume  = {27},
  number  = {3},
  pages   = {327 - 346},
}

@Article{GELADI19861,
  author  = {Paul Geladi and Bruce R. Kowalski},
  title   = {Partial least-squares regression: a tutorial},
  journal = {Analytica Chimica Acta},
  year    = {1986},
  volume  = {185},
  pages   = {1 - 17},
}

@Misc{randallPLS,
  author       = {Randall D. and Tobias},
  title        = {An Introduction to Partial Least Squares(PLS) Regression},
  howpublished = {\url{http://www.ats.ucla.edu/stat/sas/library/pls.pdf}},
  note         = {Accessed May 4th, 2016},
}

@Article{Wang2003613,
  author  = {Xun Wang and Uwe Kruger and Barry Lennox},
  title   = {Recursive partial least squares algorithms for monitoring complex industrial processes},
  journal = {Control Engineering Practice},
  year    = {2003},
  volume  = {11},
  number  = {6},
  pages   = {613 - 632},
}

@Article{JOEQIN1998503,
  author  = {S. Joe Qin},
  title   = {Recursive PLS algorithms for adaptive data modeling},
  journal = {Computers \& Chemical Engineering},
  year    = {1998},
  volume  = {22},
  number  = {4},
  pages   = {503 - 514},
}

@Article{Patton1999,
  author      = {Patton, R. J. and Lopez-Toribio, C. J. and Uppal, F. J.},
  title       = {Artificial Intelligence Approaches to Fault Diagnosis for Dynamic Systems},
  journal     = {International Journal of Applied Mathematics and Computer Science},
  year        = {1999},
  volume      = {Vol. 9, no 3},
  pages       = {471-518},
  affiliation = {Control and Intelligent Systems ResearchGroup School of Engineering the University of Hull Cottingham Road, Hull, HU6 7RX, UK},
  language    = {English},
}

@Article{Mahadevan20091627,
  author  = {Sankar Mahadevan and Sirish L. Shah},
  title   = {Fault detection and diagnosis in process data using one-class support vector machines},
  journal = {Journal of Process Control},
  year    = {2009},
  volume  = {19},
  number  = {10},
  pages   = {1627 - 1639},
}

@Article{Chandola2009Anomaly,
  author     = {Chandola, Varun and Banerjee, Arindam and Kumar, Vipin},
  title      = {Anomaly Detection: A Survey},
  journal    = {ACM Comput. Surv.},
  year       = {2009},
  volume     = {41},
  number     = {3},
  pages      = {15:1--15:58},
  month      = jul,
  acmid      = {1541882},
  address    = {New York, NY, USA},
  articleno  = {15},
  issue_date = {July 2009},
  numpages   = {58},
  publisher  = {ACM},
}

@Article{824819,
  author  = {A. K. Jain and R. P. W. Duin and Jianchang Mao},
  title   = {Statistical pattern recognition: a review},
  journal = {IEEE Transactions on Pattern Analysis and Machine Intelligence},
  year    = {2000},
  volume  = {22},
  number  = {1},
  pages   = {4-37},
  month   = {Jan},
}

@Article{897072,
  author  = {G. P. Zhang},
  title   = {Neural networks for classification: a survey},
  journal = {IEEE Transactions on Systems, Man, and Cybernetics, Part C (Applications and Reviews)},
  year    = {2000},
  volume  = {30},
  number  = {4},
  pages   = {451-462},
  month   = {Nov},
}

@Article{Chen2002101,
  author  = {Y.M. Chen and M.L. Lee},
  title   = {Neural networks-based scheme for system failure detection and diagnosis},
  journal = {Mathematics and Computers in Simulation},
  year    = {2002},
  volume  = {58},
  number  = {2},
  pages   = {101 - 109},
}

@Article{FRANK199767,
  author  = {Paul M. Frank and Birgit Köppen-Seliger},
  title   = {Fuzzy logic and neural network applications to fault diagnosis},
  journal = {International Journal of Approximate Reasoning},
  year    = {1997},
  volume  = {16},
  number  = {1},
  pages   = {67 - 88},
}

@Article{Markou20032481,
  author  = {Markos Markou and Sameer Singh},
  title   = {Novelty detection: a review—part 1: statistical approaches},
  journal = {Signal Processing},
  year    = {2003},
  volume  = {83},
  number  = {12},
  pages   = {2481 - 2497},
}

@Misc{Steve1998support,
  author = {Steve R. Gunn},
  title  = {Support Vector Machines for Classification and Regression},
  year   = {1998},
}

@Article{6873303,
  author  = {S. Yin and X. Zhu and O. Kaynak},
  title   = {Improved PLS Focused on Key-Performance-Indicator-Related Fault Diagnosis},
  journal = {IEEE Transactions on Industrial Electronics},
  year    = {2015},
  volume  = {62},
  number  = {3},
  pages   = {1651-1658},
  month   = {March},
}

@Article{33,
  author  = {G. A. Carpenter and S. Grossberg},
  title   = {The ART of adaptive pattern recognition by a self-organizing neural network},
  journal = {Computer},
  year    = {1988},
  volume  = {21},
  number  = {3},
  pages   = {77-88},
  month   = {March},
}

@InProceedings{Caruana2006empirical,
  author    = {Caruana, Rich and Niculescu-Mizil, Alexandru},
  title     = {An Empirical Comparison of Supervised Learning Algorithms},
  booktitle = {Proceedings of the 23rd International Conference on Machine Learning},
  year      = {2006},
  series    = {ICML '06},
  pages     = {161--168},
  address   = {New York, NY, USA},
  publisher = {ACM},
  acmid     = {1143865},
  isbn      = {1-59593-383-2},
  location  = {Pittsburgh, Pennsylvania, USA},
  numpages  = {8},
}

@Article{788640,
  author  = {V. N. Vapnik},
  title   = {An overview of statistical learning theory},
  journal = {IEEE Transactions on Neural Networks},
  year    = {1999},
  volume  = {10},
  number  = {5},
  pages   = {988-999},
  month   = {Sep},
}

@Book{vapnik2013nature,
  title     = {The nature of statistical learning theory},
  publisher = {Springer science \& business media},
  year      = {2013},
  author    = {Vapnik, Vladimir},
}

@InProceedings{4427832,
  author    = {W. Yin and W. Zhang and X. Sun},
  title     = {A SVM- Based Multiple Faults Classification Scheme Design in Flight Control FDI System},
  booktitle = {Second International Conference on Innovative Computing, Informatio and Control (ICICIC 2007)},
  year      = {2007},
  pages     = {187-187},
  month     = {Sept},
}

@Article{Ge2004143,
  author  = {Ming Ge and R. Du and Guicai Zhang and Yangsheng Xu},
  title   = {Fault diagnosis using support vector machine with an application in sheet metal stamping operations},
  journal = {Mechanical Systems and Signal Processing},
  year    = {2004},
  volume  = {18},
  number  = {1},
  pages   = {143 - 159},
}

@Article{Davy20062009,
  author  = {Manuel Davy and Frédéric Desobry and Arthur Gretton and Christian Doncarli},
  title   = {An online support vector machine for abnormal events detection},
  journal = {Signal Processing},
  year    = {2006},
  volume  = {86},
  number  = {8},
  pages   = {2009 - 2025},
  note    = {Special Section: Advances in Signal Processing-assisted Cross-layer Designs},
}

@Article{Liu2017401,
  author  = {Jie Liu and Yan-Fu Li and Enrico Zio},
  title   = {A \{SVM\} framework for fault detection of the braking system in a high speed train},
  journal = {Mechanical Systems and Signal Processing},
  year    = {2017},
  volume  = {87, Part A},
  pages   = {401 - 409},
}

@InProceedings{7813447,
  author    = {T. Henmi and A. Inoue and M. Deng and S. i. Yoshinaga},
  title     = {Early detection of plant faults by using machine learning},
  booktitle = {2016 International Conference on Advanced Mechatronic Systems (ICAMechS)},
  year      = {2016},
  pages     = {201-205},
  month     = {Nov},
}

@Article{angeli2004line,
  author  = {Angeli, Chrissanthi and Chatzinikolaou, Avraam},
  title   = {On-Line Fault Detection Techniques for Technical Systems: A Survey.},
  journal = {IJCSA},
  year    = {2004},
  volume  = {1},
  number  = {1},
  pages   = {12--30},
}

@Article{Markou20032499,
  author  = {Markos Markou and Sameer Singh},
  title   = {Novelty detection: a review—part 2:: neural network based approaches},
  journal = {Signal Processing},
  year    = {2003},
  volume  = {83},
  number  = {12},
  pages   = {2499 - 2521},
}

@Article{steinberg2005historical,
  author  = {M Steinberg},
  title   = {Historical Overview of Research in Reconfigurable Flight Control},
  journal = {Proceedings of the Institution of Mechanical Engineers, Part G: Journal of Aerospace Engineering},
  year    = {2005},
  volume  = {219},
  number  = {4},
  pages   = {263-275},
}

@Article{cieslak2008development,
  author  = {Cieslak, J{\'e}r{\^o}me and Henry, David and Zolghadri, Ali and Goupil, Philippe},
  title   = {Development of an active fault-tolerant flight control strategy},
  journal = {Journal of guidance, control, and dynamics},
  year    = {2008},
  volume  = {31},
  number  = {1},
  pages   = {135--147},
}

@Article{81428,
  author  = {P. S. Maybeck and R. D. Stevens},
  title   = {Reconfigurable flight control via multiple model adaptive control methods},
  journal = {IEEE Transactions on Aerospace and Electronic Systems},
  year    = {1991},
  volume  = {27},
  number  = {3},
  pages   = {470-480},
  month   = {May},
}

@Article{kim2003reconfigurable,
  author  = {Kim, Ki-Seok and Lee, Keum-Jin and Kim, Youdan},
  title   = {Reconfigurable flight control system design using direct adaptive method},
  journal = {Journal of guidance, control, and dynamics},
  year    = {2003},
  volume  = {26},
  number  = {4},
  pages   = {543--550},
}

@Article{976961,
  author  = {Youmin Zhang and Jin Jiang},
  title   = {Integrated active fault-tolerant control using IMM approach},
  journal = {IEEE Transactions on Aerospace and Electronic Systems},
  year    = {2001},
  volume  = {37},
  number  = {4},
  pages   = {1221-1235},
  month   = {Oct},
}

@InProceedings{758477,
  author    = {M. Gopinathan and J. D. Boskovic and R. K. Mehra and C. Rago},
  title     = {A multiple model predictive scheme for fault-tolerant flight control design},
  booktitle = {Proceedings of the 37th IEEE Conference on Decision and Control (Cat. No.98CH36171)},
  year      = {1998},
  volume    = {2},
  pages     = {1376-1381 vol.2},
  month     = {Dec},
}

@InProceedings{879200,
  author    = {Zhenyu Yang and M. Blanke},
  title     = {The robust control mixer module method for control reconfiguration},
  booktitle = {Proceedings of the 2000 American Control Conference. ACC (IEEE Cat. No.00CH36334)},
  year      = {2000},
  volume    = {5},
  pages     = {3407-3411 vol.5},
}

@InBook{Patton2015,
  pages     = {422--428},
  title     = {Fault-Tolerant Control},
  publisher = {Springer London},
  year      = {2015},
  author    = {Patton, Ron J.},
  editor    = {Baillieul, John and Samad, Tariq},
  address   = {London},
  isbn      = {978-1-4471-5058-9},
  booktitle = {Encyclopedia of Systems and Control},
}

@Article{6060930,
  author  = {B. Xiao and Q. Hu and Y. Zhang},
  title   = {Adaptive Sliding Mode Fault Tolerant Attitude Tracking Control for Flexible Spacecraft Under Actuator Saturation},
  journal = {IEEE Transactions on Control Systems Technology},
  year    = {2012},
  volume  = {20},
  number  = {6},
  pages   = {1605-1612},
  month   = {Nov},
}

@Article{Varma2010486,
  author  = {S. Varma and K.D. Kumar},
  title   = {Fault tolerant satellite attitude control using solar radiation pressure based on nonlinear adaptive sliding mode},
  journal = {Acta Astronautica},
  year    = {2010},
  volume  = {66},
  number  = {3–4},
  pages   = {486 - 500},
}

@Article{5540527,
  author  = {H. Lee and Y. Kim},
  title   = {Fault-tolerant control scheme for satellite attitude control system},
  journal = {IET Control Theory Applications},
  year    = {2010},
  volume  = {4},
  number  = {8},
  pages   = {1436-1450},
  month   = {August},
}

@InProceedings{70412,
  author    = {P. S. Maybeck and D. L. Pogoda},
  title     = {Multiple model adaptive controller for the STOL F-15 with sensor/actuator failures},
  booktitle = {Proceedings of the 28th IEEE Conference on Decision and Control,},
  year      = {1989},
  pages     = {1566-1572 vol.2},
  month     = {Dec},
}

@InProceedings{827910,
  author    = {Youmin Zhan and Jin Jiang},
  title     = {An interacting multiple-model based fault detection, diagnosis and fault-tolerant control approach},
  booktitle = {Proceedings of the 38th IEEE Conference on Decision and Control (Cat. No.99CH36304)},
  year      = {1999},
  volume    = {4},
  pages     = {3593-3598 vol.4},
}

@InProceedings{786187,
  author    = {J. D. Boskovic and R. K. Mehra},
  title     = {Stable multiple model adaptive flight control for accommodation of a large class of control effector failures},
  booktitle = {Proceedings of the 1999 American Control Conference (Cat. No. 99CH36251)},
  year      = {1999},
  volume    = {3},
  pages     = {1920-1924 vol.3},
}

@Article{JUNG2005115,
  author  = {Bokyung Jung and Seong-Kyun Jeong and Dong-Hyun Lee and Youdan Kim},
  title   = {ADAPTIVE RECONFIGURABLE FLIGHT CONTROL SYSTEM USING MULTIPLE MODEL MODE SWITCHING},
  journal = {IFAC Proceedings Volumes},
  year    = {2005},
  volume  = {38},
  number  = {1},
  pages   = {115 - 120},
}

@Article{506397,
  author  = {K. J. Astrom},
  title   = {Adaptive control around 1960},
  journal = {IEEE Control Systems},
  year    = {1996},
  volume  = {16},
  number  = {3},
  pages   = {44-49},
  month   = {June},
}

@Article{Jiang201057,
  author  = {Ye Jiang and Qinglei Hu and Guangfu Ma},
  title   = {Adaptive backstepping fault-tolerant control for flexible spacecraft with unknown bounded disturbances and actuator failures},
  journal = {\{ISA\} Transactions},
  year    = {2010},
  volume  = {49},
  number  = {1},
  pages   = {57 - 69},
}

@Article{Ma2014296,
  author  = {Yajie Ma and Bin Jiang and Gang Tao and Yuehua Cheng},
  title   = {Actuator failure compensation and attitude control for rigid satellite by adaptive control using quaternion feedback},
  journal = {Journal of the Franklin Institute},
  year    = {2014},
  volume  = {351},
  number  = {1},
  pages   = {296 - 314},
}

@Article{Zou201110,
  author  = {An-Min Zou and Krishna Dev Kumar},
  title   = {Adaptive fuzzy fault-tolerant attitude control of spacecraft},
  journal = {Control Engineering Practice},
  year    = {2011},
  volume  = {19},
  number  = {1},
  pages   = {10 - 21},
}

@Article{989090,
  author  = {Shuhao Chen and Gang Tao and S. M. Joshi},
  title   = {On matching conditions for adaptive state tracking control of systems with actuator failures},
  journal = {IEEE Transactions on Automatic Control},
  year    = {2002},
  volume  = {47},
  number  = {3},
  pages   = {473-478},
  month   = {Mar},
}

@InProceedings{703075,
  author    = {J. D. Boskovic and Ssu-Hsin Yu and R. K. Mehra},
  title     = {A stable scheme for automatic control reconfiguration in the presence of actuator failures},
  booktitle = {Proceedings of the 1998 American Control Conference. ACC (IEEE Cat. No.98CH36207)},
  year      = {1998},
  volume    = {4},
  pages     = {2455-2459 vol.4},
  month     = {Jun},
}

@Article{6945860,
  author  = {Z. Zuo and J. Zhang and Y. Wang},
  title   = {Adaptive Fault-Tolerant Tracking Control for Linear and Lipschitz Nonlinear Multi-Agent Systems},
  journal = {IEEE Transactions on Industrial Electronics},
  year    = {2015},
  volume  = {62},
  number  = {6},
  pages   = {3923-3931},
  month   = {June},
}

@Article{MacGregor2012111,
  author  = {John MacGregor and Ali Cinar},
  title   = {Monitoring, fault diagnosis, fault-tolerant control and optimization: Data driven methods},
  journal = {Computers \& Chemical Engineering},
  year    = {2012},
  volume  = {47},
  pages   = {111 - 120},
  note    = {\{FOCAPO\} 2012},
}

@Article{WANG2009739,
  author  = {Hongm WANG and Tian-You CHAI and Jin-Liang DING and Martin BROWN},
  title   = {Data Driven Fault Diagnosis and Fault Tolerant Control: Some Advances and Possible New Directions},
  journal = {Acta Automatica Sinica},
  year    = {2009},
  volume  = {35},
  number  = {6},
  pages   = {739 - 747},
}

@Article{6082454,
  author  = {T. Chai and Y. Zhang and H. Wang and C. Y. Su and J. Sun},
  title   = {Data-Based Virtual Unmodeled Dynamics Driven Multivariable Nonlinear Adaptive Switching Control},
  journal = {IEEE Transactions on Neural Networks},
  year    = {2011},
  volume  = {22},
  number  = {12},
  pages   = {2154-2172},
  month   = {Dec},
}

@Article{7386723,
  author  = {C. H. Xie and G. H. Yang},
  title   = {Data-based fault-tolerant control for uncertain linear systems with actuator faults},
  journal = {IET Control Theory Applications},
  year    = {2016},
  volume  = {10},
  number  = {3},
  pages   = {265-272},
}

@Article{6099627,
  author  = {Q. Song and Y. D. Song},
  title   = {Data-Based Fault-Tolerant Control of High-Speed Trains With Traction/Braking Notch Nonlinearities and Actuator Failures},
  journal = {IEEE Transactions on Neural Networks},
  year    = {2011},
  volume  = {22},
  number  = {12},
  pages   = {2250-2261},
  month   = {Dec},
}

@Article{Soylu20081647,
  author  = {Serdar Soylu and Bradley J. Buckham and Ron P. Podhorodeski},
  title   = {A chattering-free sliding-mode controller for underwater vehicles with fault-tolerant infinity-norm thrust allocation},
  journal = {Ocean Engineering},
  year    = {2008},
  volume  = {35},
  number  = {16},
  pages   = {1647 - 1659},
}

@InProceedings{1389976,
  author    = {M. Naghshineh and M. Keshmiri},
  title     = {Actuator saturation avoidance in overactuated systems},
  booktitle = {2004 IEEE/RSJ International Conference on Intelligent Robots and Systems (IROS) (IEEE Cat. No.04CH37566)},
  year      = {2004},
  volume    = {4},
  pages     = {3613-3618 vol.4},
  month     = {Sept},
}

@InProceedings{5991371,
  author    = {S. Gayaka and B. Yao},
  title     = {Adaptive robust actuator fault-tolerant control in presence of input saturation},
  booktitle = {Proceedings of the 2011 American Control Conference},
  year      = {2011},
  pages     = {3766-3771},
  month     = {June},
}

@Article{Oppenheimer2007A,
  author  = {Oppenheimer, Michael and Doman, David},
  title   = {A Method for Including Control Effector Interactions in the Control Allocation Problem},
  journal = {Computers \& Biomedical Research},
  year    = {2007},
  volume  = {15},
  number  = {6},
  pages   = {503-18},
}

@Article{Yin2014298,
  author  = {Shen Yin and Guang Wang and Hamid Reza Karimi},
  title   = {Data-driven design of robust fault detection system for wind turbines},
  journal = {Mechatronics},
  year    = {2014},
  volume  = {24},
  number  = {4},
  pages   = {298 - 306},
  note    = {Vibration control systems},
}

@TechReport{kraus2008optimal,
  author      = {Kraus, R and Cliff, E and Woolsey, C and Luby, J},
  title       = {Optimal control of an undersea glider in a symmetric pull-up},
  institution = {Virginia Center for Autonomous Systems},
  year        = {2008},
}

@Article{Tang20031975,
  author  = {Xidong Tang and Gang Tao and Suresh M. Joshi},
  title   = {Adaptive actuator failure compensation for parametric strict feedback systems and an aircraft application},
  journal = {Automatica},
  year    = {2003},
  volume  = {39},
  number  = {11},
  pages   = {1975 - 1982},
}

@Article{Wang20102082,
  author  = {Wei Wang and Changyun Wen},
  title   = {Adaptive actuator failure compensation control of uncertain nonlinear systems with guaranteed transient performance},
  journal = {Automatica},
  year    = {2010},
  volume  = {46},
  number  = {12},
  pages   = {2082 - 2091},
}

@Article{1268067,
  author  = {T. A. Johansen and T. I. Fossen and S. P. Berge},
  title   = {Constrained nonlinear control allocation with singularity avoidance using sequential quadratic programming},
  journal = {IEEE Transactions on Control Systems Technology},
  year    = {2004},
  volume  = {12},
  number  = {1},
  pages   = {211-216},
  month   = {Jan},
}

@Article{7855666,
  author  = {S. Yin and H. Yang and O. Kaynak},
  title   = {Sliding Mode Observer-Based FTC for Markovian Jump Systems with Actuator and Sensor Faults},
  journal = {IEEE Transactions on Automatic Control},
  year    = {2017},
  volume  = {PP},
  number  = {99},
  pages   = {1-1},
}

@Article{7572996,
  author  = {S. Yin and X. Xie and W. Sun},
  title   = {A Nonlinear Process Monitoring Approach With Locally Weighted Learning of Available Data},
  journal = {IEEE Transactions on Industrial Electronics},
  year    = {2017},
  volume  = {64},
  number  = {2},
  pages   = {1507-1516},
  month   = {Feb},
}

@Article{7879324,
  author  = {B. Xiao and S. Yin},
  title   = {A New Disturbance Attenuation Control Scheme for Quadrotor Unmanned Aerial Vehicles},
  journal = {IEEE Transactions on Industrial Informatics},
  year    = {2017},
  volume  = {PP},
  number  = {99},
  pages   = {1-1},
}

@Article{7214283,
  author  = {S. Yin and P. Shi and H. Yang},
  title   = {Adaptive Fuzzy Control of Strict-Feedback Nonlinear Time-Delay Systems With Unmodeled Dynamics},
  journal = {IEEE Transactions on Cybernetics},
  year    = {2016},
  volume  = {46},
  number  = {8},
  pages   = {1926-1938},
  month   = {Aug},
}

@Article{7414486,
  author  = {B. Xiao and S. Yin},
  title   = {Velocity-Free Fault-Tolerant and Uncertainty Attenuation Control for a Class of Nonlinear Systems},
  journal = {IEEE Transactions on Industrial Electronics},
  year    = {2016},
  volume  = {63},
  number  = {7},
  pages   = {4400-4411},
  month   = {July},
}

@InProceedings{7392555,
  author    = {H. Yu and S. Yin},
  title     = {A fault detection strategy based on intelligent particle filter for nonlinear systems},
  booktitle = {IECON 2015 - 41st Annual Conference of the IEEE Industrial Electronics Society},
  year      = {2015},
  pages     = {002974-002979},
  month     = {Nov},
}

@Article{7572887,
  author  = {J. Guo and B. Mu and L. Y. Wang and G. Yin and L. Xu},
  title   = {Decision-Based System Identification and Adaptive Resource Allocation},
  journal = {IEEE Transactions on Automatic Control},
  year    = {2017},
  volume  = {62},
  number  = {5},
  pages   = {2166-2179},
  month   = {May},
}

@InProceedings{411463,
  author    = {Zongli Lin and A. A. Stoorvogel and A. Saberi},
  title     = {Output regulation for linear systems subject to input saturation},
  booktitle = {Proceedings of 1994 33rd IEEE Conference on Decision and Control},
  year      = {1994},
  volume    = {3},
  pages     = {2362-2367 vol.3},
  month     = {Dec},
}

@Article{LIN199629,
  author  = {Zongli Lin and Anton A. Stoorvogel and Ali Saberi},
  title   = {Output regulation for linear systems subject to input saturation},
  journal = {Automatica},
  year    = {1996},
  volume  = {32},
  number  = {1},
  pages   = {29 - 47},
}

@InProceedings{4161628,
  author    = {E. R. Brown and N. N. McCollom and E. E. Moore and A. Hess},
  title     = {Prognostics and Health Management A Data-Driven Approach to Supporting the F-35 Lightning II},
  booktitle = {2007 IEEE Aerospace Conference},
  year      = {2007},
  pages     = {1-12},
  month     = {March},
}

@Article{SIMANI20118301,
  author  = {Silvio Simani and Paolo Castaldi and Andrea Tilli},
  title   = {Data—Driven Approach for Wind Turbine Actuator and Sensor Fault Detection and Isolation},
  journal = {IFAC Proceedings Volumes},
  year    = {2011},
  volume  = {44},
  number  = {1},
  pages   = {8301 - 8306},
}

@Article{6515129,
  author  = {P. Freeman and R. Pandita and N. Srivastava and G. J. Balas},
  title   = {Model-Based and Data-Driven Fault Detection Performance for a Small UAV},
  journal = {IEEE/ASME Transactions on Mechatronics},
  year    = {2013},
  volume  = {18},
  number  = {4},
  pages   = {1300-1309},
  month   = {Aug},
}

@Article{MR2925523,
  author   = {Liu, Yu and Crespo, Luis G.},
  title    = {Adaptive control allocation in the presence of actuator failures},
  journal  = {J. Control Sci. Eng.},
  year     = {2012},
  pages    = {Art. ID 502149, 16},
  fjournal = {Journal of Control Science and Engineering},
  mrclass  = {93C40},
  mrnumber = {2925523},
}

@Article{SORDALEN19971223,
  author  = {O.J. Sørdalen},
  title   = {Optimal thrust allocation for marine vessels},
  journal = {Control Engineering Practice},
  year    = {1997},
  volume  = {5},
  number  = {9},
  pages   = {1223 - 1231},
}

@Article{Petersen2012Interior,
  author  = {Petersen, John A. M. and Bodson, Marc},
  title   = {Interior-Point Algorithms for Control Allocation},
  journal = {Journal of Guidance Control \& Dynamics},
  year    = {2012},
  volume  = {28},
  number  = {3},
  pages   = {471-480},
}

@Article{6257091,
  author  = {X. J. Li and G. H. Yang},
  title   = {Robust adaptive fault-tolerant control for uncertain linear systems with actuator failures},
  journal = {IET Control Theory Applications},
  year    = {2012},
  volume  = {6},
  number  = {10},
  pages   = {1544-1551},
  month   = {July},
}

@Article{7929224,
  author  = {M. Yadegar and A. Afshar and N. Meskin},
  title   = {Fault-tolerant control of non-linear systems based on adaptive virtual actuator},
  journal = {IET Control Theory Applications},
  year    = {2017},
  volume  = {11},
  number  = {9},
  pages   = {1371-1379},
}

@InProceedings{1429240,
  author    = {T. A. Johansen},
  title     = {Optimizing nonlinear control allocation},
  booktitle = {2004 43rd IEEE Conference on Decision and Control (CDC) (IEEE Cat. No.04CH37601)},
  year      = {2004},
  volume    = {4},
  pages     = {3435-3440 Vol.4},
  month     = {Dec},
}

@Article{7811349,
  author  = {R. Galván-Guerra and X. Liu and S. Laghrouche and L. Fridman and M. Wack},
  title   = {Fault-tolerant control with control allocation for linear time varying systems: an output integral sliding mode approach},
  journal = {IET Control Theory Applications},
  year    = {2017},
  volume  = {11},
  number  = {2},
  pages   = {245-253},
}

@Article{KARIMI20121480,
  author  = {Hamid Reza Karimi},
  title   = {A sliding mode approach to H∞ synchronization of master–slave time-delay systems with Markovian jumping parameters and nonlinear uncertainties},
  journal = {Journal of the Franklin Institute},
  year    = {2012},
  volume  = {349},
  number  = {4},
  pages   = {1480 - 1496},
  note    = {Special Issue on Optimal Sliding Mode Algorithms for Dynamic Systems},
}

@Article{KAO2015218,
  author  = {Yonggui Kao and Jing Xie and Changhong Wang and Hamid Reza Karimi},
  title   = {A sliding mode approach to H∞ non-fragile observer-based control design for uncertain Markovian neutral-type stochastic systems},
  journal = {Automatica},
  year    = {2015},
  volume  = {52},
  pages   = {218 - 226},
}

@Article{Zhang2014,
  author  = {Zhang, Hui and Liu, Xiaotao and Wang, Junmin and Karimi, Hamid Reza},
  title   = {Robust H ∞ sliding mode control with pole placement for a fluid power electrohydraulic actuator (EHA) system},
  journal = {The International Journal of Advanced Manufacturing Technology},
  year    = {2014},
  volume  = {73},
  number  = {5},
  pages   = {1095--1104},
}

@Article{Kao201570,
  author  = {Yonggui Kao and Jing Xie and Lixian Zhang and Hamid Reza Karimi},
  title   = {A sliding mode approach to robust stabilisation of Markovian jump linear time-delay systems with generally incomplete transition rates},
  journal = {Nonlinear Analysis: Hybrid Systems},
  year    = {2015},
  volume  = {17},
  pages   = {70 - 80},
}

@Article{Zheng2016158,
  author  = {Zewei Zheng and Liang Sun},
  title   = {Path following control for marine surface vessel with uncertainties and input saturation},
  journal = {Neurocomputing},
  year    = {2016},
  volume  = {177},
  pages   = {158 - 167},
}

@Article{yin2012data,
  author    = {Yin, Shen and Yang, Xuebo and Karimi, Hamid Reza},
  title     = {Data-driven adaptive observer for fault diagnosis},
  journal   = {Mathematical Problems in Engineering},
  year      = {2012},
  volume    = {2012},
  issue     = {832836},
  publisher = {Hindawi Publishing Corporation},
}

@Article{Baptista20171,
  author  = {Marcia Baptista and Ivo P. de Medeiros and Joao P. Malere and Cairo Nascimento Jr. and Helmut Prendinger and Elsa M.P. Henriques},
  title   = {Comparative case study of life usage and data-driven prognostics techniques using aircraft fault messages},
  journal = {Computers in Industry},
  year    = {2017},
  volume  = {86},
  pages   = {1 - 14},
}

@Article{1742-6596-628-1-012129,
  author  = {Jhonatan Camacho-Navarro and Magda Ruiz and Rodolfo Villamizar and Luis Mujica and Alfredo Güemes and Ignacio González-Requema},
  title   = {Study of cross-correlation signals in a data-driven approach for damage classification in aircraft wings},
  journal = {Journal of Physics: Conference Series},
  year    = {2015},
  volume  = {628},
  number  = {1},
  pages   = {012129},
}

@Book{Edwards2010Fault,
  title     = {Fault Tolerant Flight Control},
  publisher = {Springer Berlin Heidelberg},
  year      = {2010},
  author    = {Edwards, Christopher and Lombaerts, Thomas and Smaili, Hafid},
}

@InProceedings{7526166,
  author    = {F. M. Guo and X. M. Ren and T. Y. Zeng and Z. J. Li and C. W. Han},
  title     = {Fault detection for quantized feedback systems with actuator faults},
  booktitle = {2016 American Control Conference (ACC)},
  year      = {2016},
  pages     = {5124-5129},
  month     = {July},
}

@Article{7895203,
  author  = {Y. Wang and W. Lu and B. Wang},
  title   = {An Events Rearrangement Strategy-Based Robust Principle Component Analysis},
  journal = {IEEE Geoscience and Remote Sensing Letters},
  year    = {2017},
  volume  = {14},
  number  = {6},
  pages   = {881-885},
  month   = {June},
}

@Article{7819432,
  author  = {N. Cai and Y. Zhou and Q. Ye and G. Liu and H. Wang and X. Chen},
  title   = {IC Solder Joint Inspection via Robust Principle Component Analysis},
  journal = {IEEE Transactions on Components, Packaging and Manufacturing Technology},
  year    = {2017},
  volume  = {7},
  number  = {2},
  pages   = {300-309},
  month   = {Feb},
}

@InProceedings{6904065,
  author    = {C. M. Yu and L. W. Kang},
  title     = {Sensor localization via robust principle component analysis},
  booktitle = {2014 IEEE International Conference on Consumer Electronics - Taiwan},
  year      = {2014},
  pages     = {215-216},
  month     = {May},
}

@Article{Harkat2006625,
  author  = {Mohamed-Faouzi Harkat and Gilles Mourot and José Ragot},
  title   = {An improved PCA scheme for sensor FDI: Application to an air quality monitoring network},
  journal = {Journal of Process Control},
  year    = {2006},
  volume  = {16},
  number  = {6},
  pages   = {625 - 634},
}

@Article{doi:10.1021/ie960615y,
  author  = {Qin, S. Joe and Yue, Hongyu and Dunia, Ricardo},
  title   = {Self-Validating Inferential Sensors with Application to Air Emission Monitoring},
  journal = {Industrial \& Engineering Chemistry Research},
  year    = {1997},
  volume  = {36},
  number  = {5},
  pages   = {1675-1685},
}

@Article{5749704,
  author  = {L. Shang and G. Liu},
  title   = {Sensor and Actuator Fault Detection and Isolation for a High Performance Aircraft Engine Bleed Air Temperature Control System},
  journal = {IEEE Transactions on Control Systems Technology},
  year    = {2011},
  volume  = {19},
  number  = {5},
  pages   = {1260-1268},
  month   = {Sept},
}

@Article{TAMURA20071035,
  author  = {Masayuki Tamura and Shinsuke Tsujita},
  title   = {A study on the number of principal components and sensitivity of fault detection using PCA},
  journal = {Computers \& Chemical Engineering},
  year    = {2007},
  volume  = {31},
  number  = {9},
  pages   = {1035 - 1046},
}

@Article{Misra20021281,
  author  = {Manish Misra and H.Henry Yue and S.Joe Qin and Cheng Ling},
  title   = {Multivariate process monitoring and fault diagnosis by multi-scale PCA},
  journal = {Computers \& Chemical Engineering},
  year    = {2002},
  volume  = {26},
  number  = {9},
  pages   = {1281 - 1293},
}

@Article{HAGENBLAD20031053,
  author  = {Anna Hagenblad and Fredrik Gustafsson and Inger Klein},
  title   = {A comparison of two methods for stochastic fault detection: the parity space approach and principal components analysis},
  journal = {IFAC Proceedings Volumes},
  year    = {2003},
  volume  = {36},
  number  = {16},
  pages   = {1053 - 1058},
  note    = {13th IFAC Symposium on System Identification (SYSID 2003), Rotterdam, The Netherlands, 27-29 August, 2003},
}

@Article{CJCE:CJCE22855,
  author  = {Lou, Zhijiang and Shen, Dong and Wang, Youqing},
  title   = {Two-step principal component analysis for dynamic processes monitoring},
  journal = {The Canadian Journal of Chemical Engineering},
  pages   = {n/a--n/a},
}

@InBook{Schölkopf1997,
  pages     = {583--588},
  title     = {Kernel principal component analysis},
  publisher = {Springer Berlin Heidelberg},
  year      = {1997},
  author    = {Sch{\"o}lkopf, Bernhard and Smola, Alexander and M{\"u}ller, Klaus-Robert},
  editor    = {Gerstner, Wulfram and Germond, Alain and Hasler, Martin and Nicoud, Jean-Daniel},
  address   = {Berlin, Heidelberg},
  isbn      = {978-3-540-69620-9},
  booktitle = {Artificial Neural Networks --- ICANN'97: 7th International Conference Lausanne, Switzerland, October 8--10, 1997 Proceeedings},
}

@InProceedings{7554425,
  author    = {M. Li and G. Li and M. Zhong},
  title     = {A data driven fault detection and isolation scheme for UAV flight control system},
  booktitle = {2016 35th Chinese Control Conference (CCC)},
  year      = {2016},
  pages     = {6778-6783},
  month     = {July},
}

@Article{Ku1995,
  author  = {Wenfu Ku and Robert H. Storer and Christos Georgakis},
  title   = {Disturbance detection and isolation by dynamic principal component analysis},
  journal = {Chemometrics and Intelligent Laboratory Systems},
  year    = {1995},
  volume  = {30},
  number  = {1},
  pages   = {179 - 196},
  note    = {InCINC '94 Selected papers from the First International Chemometrics Internet Conference},
}

@Article{7572040,
  author  = {S. Zhuk and A. Polyakov and O. Nakonechnyi},
  title   = {Note on Minimax Sliding Mode Control Design for Linear Systems},
  journal = {IEEE Transactions on Automatic Control},
  year    = {2017},
  volume  = {62},
  number  = {7},
  pages   = {3395-3400},
  month   = {July},
}

@Article{7797146,
  author  = {A. Tamar and Y. Chow and M. Ghavamzadeh and S. Mannor},
  title   = {Sequential Decision Making With Coherent Risk},
  journal = {IEEE Transactions on Automatic Control},
  year    = {2017},
  volume  = {62},
  number  = {7},
  pages   = {3323-3338},
  month   = {July},
}

@Article{7577741,
  author  = {K. Hariprasad and S. Bhartiya},
  title   = {An Efficient and Stabilizing Model Predictive Control of Switched Systems},
  journal = {IEEE Transactions on Automatic Control},
  year    = {2017},
  volume  = {62},
  number  = {7},
  pages   = {3401-3407},
  month   = {July},
}

@Article{7707439,
  author  = {S. Güler and B. Fidan and S. Dasgupta and B. D. O. Anderson and I. Shames},
  title   = {Adaptive Source Localization Based Station Keeping of Autonomous Vehicles},
  journal = {IEEE Transactions on Automatic Control},
  year    = {2017},
  volume  = {62},
  number  = {7},
  pages   = {3122-3135},
  month   = {July},
}

@Article{7762820,
  author  = {Z. Cao and H. B. Dürr and C. Ebenbauer and F. Allgöwer and F. Gao},
  title   = {Iterative Learning and Extremum Seeking for Repetitive Time-Varying Mappings},
  journal = {IEEE Transactions on Automatic Control},
  year    = {2017},
  volume  = {62},
  number  = {7},
  pages   = {3339-3353},
  month   = {July},
}

@Article{7742897,
  author  = {A. Borum and T. Bretl},
  title   = {Reduction of Sufficient Conditions for Optimal Control Problems With Subgroup Symmetry},
  journal = {IEEE Transactions on Automatic Control},
  year    = {2017},
  volume  = {62},
  number  = {7},
  pages   = {3209-3224},
  month   = {July},
}

@Article{7572951,
  author  = {T. M. Lebair and J. Shen and X. Wang},
  title   = {Minimax Lower Bound and Optimal Estimation of Convex Functions in the Sup-Norm},
  journal = {IEEE Transactions on Automatic Control},
  year    = {2017},
  volume  = {62},
  number  = {7},
  pages   = {3482-3487},
  month   = {July},
}

@Article{7894255,
  author  = {E. F. Costa and B. de Saporta},
  title   = {Linear Minimum Mean Square Filters for Markov Jump Linear Systems},
  journal = {IEEE Transactions on Automatic Control},
  year    = {2017},
  volume  = {62},
  number  = {7},
  pages   = {3567-3572},
  month   = {July},
}

@Article{6604389,
  author  = {X. Huang and L. Shi and J. A. K. Suykens},
  title   = {Support Vector Machine Classifier With Pinball Loss},
  journal = {IEEE Transactions on Pattern Analysis and Machine Intelligence},
  year    = {2014},
  volume  = {36},
  number  = {5},
  pages   = {984-997},
  month   = {May},
}

@Article{7589990,
  author  = {Y. Wang and Y. Xia and P. Zhou},
  title   = {Fuzzy-Model-Based Sampled-data Control of Chaotic Systems: A Fuzzy Time-Dependent Lyapunov-Krasovskii Functional Approach},
  journal = {IEEE Transactions on Fuzzy Systems},
  year    = {2017},
  volume  = {PP},
  number  = {99},
  pages   = {1-1},
}

@Article{7937910,
  author  = {Y. Wang and H. Shen and H. R. Karimi and D. Duan},
  title   = {Dissipativity-based Fuzzy Integral Sliding Mode Control of Continuous-Time T-S Fuzzy Systems},
  journal = {IEEE Transactions on Fuzzy Systems},
  year    = {2017},
  volume  = {PP},
  number  = {99},
  pages   = {1-1},
}

@Article{7501477,
  author  = {Y. Wang and H. Shen and D. Duan},
  title   = {On Stabilization of Quantized Sampled-Data Neural-Network-Based Control Systems},
  journal = {IEEE Transactions on Cybernetics},
  year    = {2017},
  volume  = {PP},
  number  = {99},
  pages   = {1-12},
}

@Article{6466401,
  author  = {Y. Wang and P. Shi and Q. Wang and D. Duan},
  title   = {Exponential $H_{\infty}$ Filtering for Singular Markovian Jump Systems With Mixed Mode-Dependent Time-Varying Delay},
  journal = {IEEE Transactions on Circuits and Systems I: Regular Papers},
  year    = {2013},
  volume  = {60},
  number  = {9},
  pages   = {2440-2452},
  month   = {Sept},
}

@InBook{Bartolini1999,
  pages     = {329--350},
  title     = {On second order sliding mode controllers},
  publisher = {Springer London},
  year      = {1999},
  author    = {Bartolini, Giorgio and Ferrara, Antonella and Levant, Arie and Usai, Elio},
  editor    = {Young, K.D. and {\"O}zg{\"u}ner, {\"U}.},
  address   = {London},
  isbn      = {978-1-84628-540-0},
  booktitle = {Variable structure systems, sliding mode and nonlinear control},
}

@Article{7506323,
  author  = {H. Li and P. Shi and D. Yao},
  title   = {Adaptive Sliding-Mode Control of Markov Jump Nonlinear Systems With Actuator Faults},
  journal = {IEEE Transactions on Automatic Control},
  year    = {2017},
  volume  = {62},
  number  = {4},
  pages   = {1933-1939},
  month   = {April},
}

@InProceedings{5778198,
  author    = {Y. Yang and W. Zheng and J. Wu},
  title     = {Sliding mode control for a near space autonomous airship},
  booktitle = {2011 International Conference on Electric Information and Control Engineering},
  year      = {2011},
  pages     = {3576-3579},
  month     = {April},
}

@Article{yang2014positioning,
  author  = {Yueneng Yang and Ye Yan and Zhenglong Zhu and Wei Zheng},
  title   = {Positioning control for an unmanned airship using sliding mode control based on fuzzy approximation},
  journal = {Proceedings of the Institution of Mechanical Engineers, Part G: Journal of Aerospace Engineering},
  year    = {2014},
  volume  = {228},
  number  = {14},
  pages   = {2627-2640},
}

@InProceedings{8003051,
  author    = {S. Mallavalli and A. Fekih},
  title     = {Sliding mode-based fault tolerant control designs for quadrotor UAVs-A comparative study},
  booktitle = {2017 13th IEEE International Conference on Control Automation (ICCA)},
  year      = {2017},
  pages     = {154-159},
  month     = {July},
}

@Article{7987035,
  author  = {Q. Hu and X. Shao and W. H. Chen},
  title   = {Robust Fault-Tolerant Tracking Control for Spacecraft Proximity Operations Using Time-Varying Sliding Mode},
  journal = {IEEE Transactions on Aerospace and Electronic Systems},
  year    = {2017},
  volume  = {PP},
  number  = {99},
  pages   = {1-1},
}

@Article{7549083,
  author  = {Y. Wang and Y. Xia and P. Zhou and D. Duan},
  title   = {A New Result on $H_{\infty}$; State Estimation of Delayed Static Neural Networks},
  journal = {IEEE Transactions on Neural Networks and Learning Systems},
  year    = {2017},
  volume  = {PP},
  number  = {99},
  pages   = {1-6},
}

@Article{CHOI200555,
  author  = {Sang Wook Choi and Changkyu Lee and Jong-Min Lee and Jin Hyun Park and In-Beum Lee},
  title   = {Fault detection and identification of nonlinear processes based on kernel PCA},
  journal = {Chemometrics and Intelligent Laboratory Systems},
  year    = {2005},
  volume  = {75},
  number  = {1},
  pages   = {55 - 67},
}

@InProceedings{6968232,
  author    = {S. Khatoon and D. Gupta and L. K. Das},
  title     = {PID and LQR control for a quadrotor: Modeling and simulation},
  booktitle = {2014 International Conference on Advances in Computing, Communications and Informatics (ICACCI)},
  year      = {2014},
  pages     = {796-802},
  month     = {Sept},
}

@Article{7500142,
  author  = {Z. Kong and A. Jones and C. Belta},
  title   = {Temporal Logics for Learning and Detection of Anomalous Behavior},
  journal = {IEEE Transactions on Automatic Control},
  year    = {2017},
  volume  = {62},
  number  = {3},
  pages   = {1210-1222},
  month   = {March},
}

@InProceedings{sadigh-uncertainty-rss2016,
  author        = {Sadigh, Dorsa and Kapoor, Ashish},
  title         = {Safe Control under Uncertainty with Probabilistic Signal Temporal Logic},
  booktitle     = {Proceedings of Robotics: Science and Systems},
  year          = {2016},
  series        = {RSS '16},
  __markedentry = {[xiaoc:3]},
  location      = {Ann Arbor, Michigan},
}

@Book{Hastie2009The,
  title     = {The Elements of Statistical Learning, Second Edition: Data Mining, Inference, and Prediction},
  publisher = {Springer},
  year      = {2009},
  author    = {Hastie, Trevor and Tibshirani, Robert and Friedman, Jerome H. and Franklin, James},
}

@Article{ASJC:ASJC605,
  author    = {Chekireb, H. and Tadjine, M. and Djemaï, M.},
  title     = {ROBUSTNESS ANALYSIS ON SLIDING MODE CONTROL OF INDUCTION MOTOR},
  journal   = {Asian Journal of Control},
  year      = {2003},
  volume    = {5},
  number    = {4},
  pages     = {605--613},
  publisher = {Blackwell Publishing Ltd},
}

@InProceedings{Sadigh-RSS-17,
  author    = {Dorsa Sadigh AND Anca Dragan AND Shankar Sastry AND Sanjit Seshia},
  title     = {Active Preference-Based Learning of Reward Functions},
  booktitle = {Proceedings of Robotics: Science and Systems},
  year      = {2017},
  address   = {Cambridge, Massachusetts},
  month     = {July},
}

@Article{7100902,
  author  = {S. Coogan and E. A. Gol and M. Arcak and C. Belta},
  title   = {Traffic Network Control From Temporal Logic Specifications},
  journal = {IEEE Transactions on Control of Network Systems},
  year    = {2016},
  volume  = {3},
  number  = {2},
  pages   = {162-172},
  month   = {June},
}

@Article{ASWANI20131216,
  author        = {Anil Aswani and Humberto Gonzalez and S. Shankar Sastry and Claire Tomlin},
  title         = {Provably safe and robust learning-based model predictive control},
  journal       = {Automatica},
  year          = {2013},
  volume        = {49},
  number        = {5},
  pages         = {1216 - 1226},
  __markedentry = {[xiaoc:3]},
}

@InProceedings{7039601,
  author        = {A. K. Akametalu and J. F. Fisac and J. H. Gillula and S. Kaynama and M. N. Zeilinger and C. J. Tomlin},
  title         = {Reachability-based safe learning with Gaussian processes},
  booktitle     = {53rd IEEE Conference on Decision and Control},
  year          = {2014},
  pages         = {1424-1431},
  month         = {Dec},
  __markedentry = {[xiaoc:3]},
}

@InProceedings{6225136,
  author        = {J. H. Gillula and C. J. Tomlin},
  title         = {Guaranteed Safe Online Learning via Reachability: tracking a ground target using a quadrotor},
  booktitle     = {2012 IEEE International Conference on Robotics and Automation},
  year          = {2012},
  pages         = {2723-2730},
  month         = {May},
  __markedentry = {[xiaoc:3]},
}

@InProceedings{Donze:2013:ERM:2526861.2526885,
  author    = {Donz{\'e}, Alexandre and Ferr\`{e}re, Thomas and Maler, Oded},
  title     = {Efficient Robust Monitoring for STL},
  booktitle = {Proceedings of the 25th International Conference on Computer Aided Verification},
  year      = {2013},
  series    = {CAV'13},
  pages     = {264--279},
  address   = {Berlin, Heidelberg},
  publisher = {Springer-Verlag},
  acmid     = {2526885},
  isbn      = {978-3-642-39798-1},
  location  = {Saint Petersburg, Russia},
  numpages  = {16},
}

@Article{Spurgeon:2008:SMO:1450886.1450887,
  author     = {Spurgeon, Sarah K.},
  title      = {Sliding Mode Observers: A Survey},
  journal    = {Intern. J. Syst. Sci.},
  year       = {2008},
  volume     = {39},
  number     = {8},
  pages      = {751--764},
  month      = aug,
  acmid      = {1450887},
  address    = {Bristol, PA, USA},
  issue_date = {August 2008},
  numpages   = {14},
  publisher  = {Taylor \&amp; Francis, Inc.},
}

@InBook{Wolff2016,
  pages     = {21--37},
  title     = {Optimal Control of Nonlinear Systems with Temporal Logic Specifications},
  publisher = {Springer International Publishing},
  year      = {2016},
  author    = {Wolff, Eric M. and Murray, Richard M.},
  editor    = {Inaba, Masayuki and Corke, Peter},
  address   = {Cham},
  isbn      = {978-3-319-28872-7},
  booktitle = {Robotics Research: The 16th International Symposium ISRR},
}

@Article{7982681,
  author  = {K. Cho and J. Suh and C. J. Tomlin and S. Oh},
  title   = {Cost-Aware Path Planning Under Co-Safe Temporal Logic Specifications},
  journal = {IEEE Robotics and Automation Letters},
  year    = {2017},
  volume  = {2},
  number  = {4},
  pages   = {2308-2315},
  month   = {Oct},
}

@Article{7364197,
  author  = {T. Wongpiromsarn and U. Topcu and A. Lamperski},
  title   = {Automata Theory Meets Barrier Certificates: Temporal Logic Verification of Nonlinear Systems},
  journal = {IEEE Transactions on Automatic Control},
  year    = {2016},
  volume  = {61},
  number  = {11},
  pages   = {3344-3355},
  month   = {Nov},
}

@Article{7339492,
  author  = {J. Fu and U. Topcu},
  title   = {Synthesis of Shared Autonomy Policies With Temporal Logic Specifications},
  journal = {IEEE Transactions on Automation Science and Engineering},
  year    = {2016},
  volume  = {13},
  number  = {1},
  pages   = {7-17},
  month   = {Jan},
}

@Article{7384426,
  author  = {J. Fu and U. Topcu},
  title   = {Synthesis of Joint Control and Active Sensing Strategies Under Temporal Logic Constraints},
  journal = {IEEE Transactions on Automatic Control},
  year    = {2016},
  volume  = {61},
  number  = {11},
  pages   = {3464-3476},
  month   = {Nov},
}

@Article{7428972,
  author  = {L. Feng and C. Wiltsche and L. Humphrey and U. Topcu},
  title   = {Synthesis of Human-in-the-Loop Control Protocols for Autonomous Systems},
  journal = {IEEE Transactions on Automation Science and Engineering},
  year    = {2016},
  volume  = {13},
  number  = {2},
  pages   = {450-462},
  month   = {April},
}

@Article{6702462,
  author  = {C. Zhao and U. Topcu and N. Li and S. Low},
  title   = {Design and Stability of Load-Side Primary Frequency Control in Power Systems},
  journal = {IEEE Transactions on Automatic Control},
  year    = {2014},
  volume  = {59},
  number  = {5},
  pages   = {1177-1189},
  month   = {May},
}

@Article{6457409,
  author  = {J. Liu and N. Ozay and U. Topcu and R. M. Murray},
  title   = {Synthesis of Reactive Switching Protocols From Temporal Logic Specifications},
  journal = {IEEE Transactions on Automatic Control},
  year    = {2013},
  volume  = {58},
  number  = {7},
  pages   = {1771-1785},
  month   = {July},
}

@Article{6189052,
  author  = {T. Wongpiromsarn and U. Topcu and R. M. Murray},
  title   = {Receding Horizon Temporal Logic Planning},
  journal = {IEEE Transactions on Automatic Control},
  year    = {2012},
  volume  = {57},
  number  = {11},
  pages   = {2817-2830},
  month   = {Nov},
}

@Article{Doherty2009,
  author  = {Doherty, Patrick and Kvarnstr{\"o}m, Jonas and Heintz, Fredrik},
  title   = {A temporal logic-based planning and execution monitoring framework for unmanned aircraft systems},
  journal = {Autonomous Agents and Multi-Agent Systems},
  year    = {2009},
  volume  = {19},
  number  = {3},
  pages   = {332--377},
  month   = {Dec},
  day     = {01},
}

@Article{7892864,
  author  = {J. Shin},
  title   = {Adaptive Dynamic Surface Control for a Hypersonic Aircraft Using Neural Networks},
  journal = {IEEE Transactions on Aerospace and Electronic Systems},
  year    = {2017},
  volume  = {53},
  number  = {5},
  pages   = {2277-2289},
  month   = {Oct},
}

@Article{4454450,
  author  = {H. Alwi and C. Edwards},
  title   = {Fault Detection and Fault-Tolerant Control of a Civil Aircraft Using a Sliding-Mode-Based Scheme},
  journal = {IEEE Transactions on Control Systems Technology},
  year    = {2008},
  volume  = {16},
  number  = {3},
  pages   = {499-510},
  month   = {May},
}

@Article{8064320,
  author  = {C. Mellucci and P. P. Menon and C. Edwards and A. Ferrara},
  title   = {Second-order sliding mode observers for fault reconstruction in power networks},
  journal = {IET Control Theory Applications},
  year    = {2017},
  volume  = {11},
  number  = {16},
  pages   = {2772-2782},
}

@Article{8010941,
  author  = {S. Ebrahimi Boukani and M. J. Khosrowjerdi and R. Amjadifard},
  title   = {Terminal Sliding Mode Control Allocation for Nonlinear Systems},
  journal = {Canadian Journal of Electrical and Computer Engineering},
  year    = {2017},
  volume  = {40},
  number  = {3},
  pages   = {162-170},
  month   = {Summer},
}

@Article{LI201327,
  author  = {Shuai Li and Yangming Li and Zheng Wang},
  title   = {A class of finite-time dual neural networks for solving quadratic programming problems and its k-winners-take-all application},
  journal = {Neural Networks},
  year    = {2013},
  volume  = {39},
  number  = {Supplement C},
  pages   = {27 - 39},
}

@Article{4655354,
  author  = {S. Kim and J. Choi and Y. Kim},
  title   = {Fault detection and diagnosis of aircraft actuators using fuzzy-tuning IMM filter},
  journal = {IEEE Transactions on Aerospace and Electronic Systems},
  year    = {2008},
  volume  = {44},
  number  = {3},
  pages   = {940-952},
  month   = {July},
}

@Article{7898624,
  author  = {H. Shokouhi-Nejad and A. R. Ghiasi and M. A. Badamchizadeh},
  title   = {Robust simultaneous finite-time control and fault detection for uncertain linear switched systems with time-varying delay},
  journal = {IET Control Theory Applications},
  year    = {2017},
  volume  = {11},
  number  = {7},
  pages   = {1041-1052},
}

@InProceedings{4792209,
  author    = {S. T. Venkataraman and S. Gulati},
  title     = {Control of Nonlinear Systems Using Terminal Sliding Modes},
  booktitle = {1992 American Control Conference},
  year      = {1992},
  pages     = {891-893},
  month     = {June},
}

@Article{8058437,
  author  = {N. Ullah and M. Asghar Ali and A. Ibeas and J. Herrera},
  title   = {Adaptive Fractional Order Terminal Sliding Mode Control of a Doubly Fed Induction Generator-Based Wind Energy System},
  journal = {IEEE Access},
  year    = {2017},
  volume  = {5},
  pages   = {21368-21381},
}

@InProceedings{7989722,
  author    = {M. Bennehar and G. El-Ghazaly and A. Chemori and F. Pierrot},
  title     = {A novel adaptive terminal sliding mode control for parallel manipulators: Design and real-time experiments},
  booktitle = {2017 IEEE International Conference on Robotics and Automation (ICRA)},
  year      = {2017},
  pages     = {6086-6092},
  month     = {May},
}

@Article{7479490,
  author  = {H. Wang and Z. Man and H. Kong and Y. Zhao and M. Yu and Z. Cao and J. Zheng and M. T. Do},
  title   = {Design and Implementation of Adaptive Terminal Sliding-Mode Control on a Steer-by-Wire Equipped Road Vehicle},
  journal = {IEEE Transactions on Industrial Electronics},
  year    = {2016},
  volume  = {63},
  number  = {9},
  pages   = {5774-5785},
  month   = {Sept},
}

@InProceedings{7531241,
  author    = {H. Li and Y. Wu},
  title     = {Integrated adaptive terminal sliding mode control for uncertain nonholonomic control systems with RAKC},
  booktitle = {2016 Chinese Control and Decision Conference (CCDC)},
  year      = {2016},
  pages     = {1611-1617},
  month     = {May},
}

@InProceedings{7603574,
  author    = {Y. Feng and M. Zhou and X. Zheng and F. Han},
  title     = {Continuous adaptive terminal sliding-mode control},
  booktitle = {2016 IEEE 11th Conference on Industrial Electronics and Applications (ICIEA)},
  year      = {2016},
  pages     = {184-188},
  month     = {June},
}

@InProceedings{6565120,
  author    = {S. Wu and G. Wu and S. Tan and Z. Wu},
  title     = {Quaternion-based adaptive terminal sliding mode control for spacecraft attitude tracking},
  booktitle = {2013 10th IEEE International Conference on Control and Automation (ICCA)},
  year      = {2013},
  pages     = {913-917},
  month     = {June},
}

@Article{7921784,
  author  = {Z. Sun and J. Zheng and H. Wang and Z. Man},
  title   = {Adaptive fast non-singular terminal sliding mode control for a vehicle steer-by-wire system},
  journal = {IET Control Theory Applications},
  year    = {2017},
  volume  = {11},
  number  = {8},
  pages   = {1245-1254},
}

@Article{7725852,
  author  = {L. Chen and M. Liu and S. Fu},
  title   = {Adaptive sliding mode control for stochastic jump systems against sensor and actuator failures},
  journal = {IET Control Theory Applications},
  year    = {2016},
  volume  = {10},
  number  = {16},
  pages   = {2000-2009},
}

@InProceedings{6025917,
  author    = {L. Zhao and X. Yan and Y. Hao and Z. Su},
  title     = {Fault tolerant control for spacecraft based on adaptive fast terminal sliding mode},
  booktitle = {2011 International Conference on Mechatronic Science, Electric Engineering and Computer (MEC)},
  year      = {2011},
  pages     = {2151-2155},
  month     = {Aug},
}

@InProceedings{8011854,
  author    = {T. H. Dwiputranto and N. A. Setiawan and T. B. Aji},
  title     = {Machinery equipment early fault detection using Artificial Neural Network based Autoencoder},
  booktitle = {2017 3rd International Conference on Science and Technology - Computer (ICST)},
  year      = {2017},
  pages     = {66-69},
  month     = {July},
}

@InProceedings{7967520,
  author    = {Y. Chen and C. Zhang and Q. Zhang and X. Hu},
  title     = {UAV fault detection based on GA-BP neural network},
  booktitle = {2017 32nd Youth Academic Annual Conference of Chinese Association of Automation (YAC)},
  year      = {2017},
  pages     = {806-811},
  month     = {May},
}

@InProceedings{8054977,
  author    = {A. E. Bakri and Y. Berrada and I. Boumhidi},
  title     = {Bayesian regularized artificial neural network for fault detection and isolation in wind turbine},
  booktitle = {2017 Intelligent Systems and Computer Vision (ISCV)},
  year      = {2017},
  pages     = {1-6},
  month     = {April},
}

@Article{EDWARDS2000541,
  author  = {Christopher Edwards and Sarah K. Spurgeon and Ron J. Patton},
  title   = {Sliding mode observers for fault detection and isolation},
  journal = {Automatica},
  year    = {2000},
  volume  = {36},
  number  = {4},
  pages   = {541 - 553},
}

@InProceedings{1582286,
  author    = {Xing-Gang Yan and C. Edwards},
  title     = {Robust sliding mode observer-based actuator fault detection and isolation for a class of nonlinear systems},
  booktitle = {Proceedings of the 44th IEEE Conference on Decision and Control},
  year      = {2005},
  pages     = {987-992},
  month     = {Dec},
}

@Article{doi:10.1080/00207179408923128,
  author    = {CHRISTOPHER EDWARDS and SARAH K. SPURGEON},
  title     = {On the development of discontinuous observers},
  journal   = {International Journal of Control},
  year      = {1994},
  volume    = {59},
  number    = {5},
  pages     = {1211-1229},
  publisher = {Taylor \& Francis},
}

@Book{shtessel2014sliding,
  title     = {Sliding Mode Control and Observation},
  publisher = {Springer},
  year      = {2014},
  author    = {Shtessel, Yuri and Edwards, Christopher and Fridman, Leonid and Levant, Arie},
  volume    = {10},
  booktitle = {Sliding mode control and observation},
}

@Article{MOHAMMADIASL2017205,
  author  = {Reza Mohammadi Asl and Yashar Shabbouei Hagh and Rainer Palm},
  title   = {Robust control by adaptive Non-singular Terminal Sliding Mode},
  journal = {Engineering Applications of Artificial Intelligence},
  year    = {2017},
  volume  = {59},
  number  = {Supplement C},
  pages   = {205 - 217},
}

@InProceedings{4371208,
  author    = {A. Meyer-Baese and R. Roberts and H. G. Yu},
  title     = {Global Asymptotic Stability Analysis of Both Matched and Unmatched Uncertain Neural Networks},
  booktitle = {2007 International Joint Conference on Neural Networks},
  year      = {2007},
  pages     = {1669-1672},
  month     = {Aug},
}

@Article{FENG20131715,
  author  = {Yong Feng and Xinghuo Yu and Fengling Han},
  title   = {On nonsingular terminal sliding-mode control of nonlinear systems},
  journal = {Automatica},
  year    = {2013},
  volume  = {49},
  number  = {6},
  pages   = {1715 - 1722},
}

@Article{FENG20022159,
  author  = {Yong Feng and Xinghuo Yu and Zhihong Man},
  title   = {Non-singular terminal sliding mode control of rigid manipulators},
  journal = {Automatica},
  year    = {2002},
  volume  = {38},
  number  = {12},
  pages   = {2159 - 2167},
}

@Article{TAN20101401,
  author  = {Chee Pin Tan and Xinghuo Yu and Zhihong Man},
  title   = {Terminal sliding mode observers for a class of nonlinear systems},
  journal = {Automatica},
  year    = {2010},
  volume  = {46},
  number  = {8},
  pages   = {1401 - 1404},
}

@Article{ABBASPOUR2017317,
  author  = {Alireza Abbaspour and Payam Aboutalebi and Kang K. Yen and Arman Sargolzaei},
  title   = {Neural adaptive observer-based sensor and actuator fault detection in nonlinear systems: Application in UAV},
  journal = {ISA Transactions},
  year    = {2017},
  volume  = {67},
  number  = {Supplement C},
  pages   = {317 - 329},
}

@Article{ZHANG201649,
  author  = {Kangkang Zhang and Bin Jiang and Xing-Gang Yan and Zehui Mao},
  title   = {Sliding mode observer based incipient sensor fault detection with application to high-speed railway traction device},
  journal = {ISA Transactions},
  year    = {2016},
  volume  = {63},
  number  = {Supplement C},
  pages   = {49 - 59},
}

@InProceedings{8062527,
  author    = {S. Mallavalli and A. Fekih},
  title     = {A fault tolerant control approach for a quadrotor UAV subject to time varying disturbances and actuator faults},
  booktitle = {2017 IEEE Conference on Control Technology and Applications (CCTA)},
  year      = {2017},
  pages     = {596-601},
  month     = {Aug},
}

@Article{DERAFA2012685,
  author  = {L. Derafa and A. Benallegue and L. Fridman},
  title   = {Super twisting control algorithm for the attitude tracking of a four rotors UAV},
  journal = {Journal of the Franklin Institute},
  year    = {2012},
  volume  = {349},
  number  = {2},
  pages   = {685 - 699},
  note    = {Advances in Guidance and Control of Aerospace Vehicles using Sliding Mode Control and Observation Techniques},
}

@Article{Zheng2017,
  author  = {Zewei Zheng and Liang Sun},
  title   = {Adaptive Sliding Mode Trajectory Tracking Control of Robotic Airships with Parametric Uncertainty and Wind Disturbance},
  journal = {Journal of the Franklin Institute},
  year    = {2017},
  pages   = {-},
}

@Article{HERMANS19966530,
  author  = {F.J.J. Hermans and M.B. Zarrop},
  title   = {Sliding Mode Observers for Robust Sensor Monitoring},
  journal = {IFAC Proceedings Volumes},
  year    = {1996},
  volume  = {29},
  number  = {1},
  pages   = {6530 - 6535},
  note    = {13th World Congress of IFAC, 1996, San Francisco USA, 30 June - 5 July},
}

@Book{wang1999course,
  title     = {A course in fuzzy systems},
  publisher = {Prentice-Hall press, USA},
  year      = {1999},
  author    = {Wang, Li-Xin},
}

@Article{362847,
  author  = {Man Zhihong and A. P. Paplinski and H. R. Wu},
  title   = {A robust MIMO terminal sliding mode control scheme for rigid robotic manipulators},
  journal = {IEEE Transactions on Automatic Control},
  year    = {1994},
  volume  = {39},
  number  = {12},
  pages   = {2464-2469},
  month   = {Dec},
}

@Article{doi:10.1080/00207720701409330,
  author    = {T. Floquet and J. P. Barbot},
  title     = {Super twisting algorithm-based step-by-step sliding mode observers for nonlinear systems with unknown inputs},
  journal   = {International Journal of Systems Science},
  year      = {2007},
  volume    = {38},
  number    = {10},
  pages     = {803-815},
  publisher = {Taylor \& Francis},
}

@Article{YAN20071605,
  author  = {Xing-Gang Yan and Christopher Edwards},
  title   = {Nonlinear robust fault reconstruction and estimation using a sliding mode observer},
  journal = {Automatica},
  year    = {2007},
  volume  = {43},
  number  = {9},
  pages   = {1605 - 1614},
}

@Article{7961185,
  author  = {Y. Wang and Y. Xia and H. Shen and P. Zhou},
  title   = {SMC Design for Robust Stabilization of Nonlinear Markovian Jump Singular Systems},
  journal = {IEEE Transactions on Automatic Control},
  year    = {2017},
  volume  = {PP},
  number  = {99},
  pages   = {1-1},
}

@Article{8016399,
  author  = {Y. Wang and Y. Gao and H. R. Karimi and H. Shen and Z. Fang and Senior},
  title   = {Sliding Mode Control of Fuzzy Singularly Perturbed Systems With Application to Electric Circuit},
  journal = {IEEE Transactions on Systems, Man, and Cybernetics: Systems},
  year    = {2017},
  volume  = {PP},
  number  = {99},
  pages   = {1-9},
}

@Article{1532406,
  author  = {J. Davila and L. Fridman and A. Levant},
  title   = {Second-order sliding-mode observer for mechanical systems},
  journal = {IEEE Transactions on Automatic Control},
  year    = {2005},
  volume  = {50},
  number  = {11},
  pages   = {1785-1789},
  month   = {Nov},
}

@Article{4663181,
  author  = {D. Brambilla and L. M. Capisani and A. Ferrara and P. Pisu},
  title   = {Fault Detection for Robot Manipulators via Second-Order Sliding Modes},
  journal = {IEEE Transactions on Industrial Electronics},
  year    = {2008},
  volume  = {55},
  number  = {11},
  pages   = {3954-3963},
  month   = {Nov},
}

@Book{lmiboyd,
  title     = {Linear Matrix Inequalities in System and Control Theory},
  publisher = {Society for Industrial and Applied Mathematics},
  author    = {Stephen Boyd, Laurent El Ghaoui, E. Feron, and V. Balakrishnan},
}

@InProceedings{7978124,
  author    = {Z. Weixiang and X. Chang and Z. Pingfang and W. Yueying and D. Dengping},
  title     = {Path following control for an under-actuated autonomous airship in constant wind field},
  booktitle = {2017 29th Chinese Control And Decision Conference (CCDC)},
  year      = {2017},
  pages     = {382-387},
  month     = {May},
}

@Article{wu2016coordinated,
  author    = {Wu, Guohua and Pedrycz, Witold and Li, Haifeng and Ma, Manhao and Liu, Jin},
  title     = {Coordinated Planning of Heterogeneous Earth Observation Resources},
  journal   = {IEEE Transactions on Systems, Man, and Cybernetics: Systems},
  year      = {2016},
  volume    = {46},
  number    = {1},
  pages     = {109--125},
  publisher = {IEEE},
}

@Article{control:chen2015disturbance,
  author    = {Chen, Mou and Yu, Jing},
  title     = {Disturbance observer-based adaptive sliding mode control for near-space vehicles},
  journal   = {Nonlinear Dynamics},
  year      = {2015},
  volume    = {82},
  number    = {4},
  pages     = {1671--1682},
  publisher = {Springer},
}

@Article{yao2014heat,
  author    = {Yao, Wei and Lu, Xiaochen and Wang, Chao and Ma, Rong},
  title     = {A heat transient model for the thermal behavior prediction of stratospheric airships},
  journal   = {Applied Thermal Engineering},
  year      = {2014},
  volume    = {70},
  number    = {1},
  pages     = {380--387},
  publisher = {Elsevier},
}

@Article{do2014smoothly,
  author    = {do Valle, Ricardo C and Menegaldo, Luciano L and Sim{\~o}es, Alberto M},
  title     = {Smoothly gain-scheduled control of a tri-turbofan airship},
  journal   = {Journal of Guidance, Control, and Dynamics},
  year      = {2014},
  volume    = {38},
  number    = {1},
  pages     = {53--61},
  publisher = {American Institute of Aeronautics and Astronautics},
}

@Article{PSHIKHOPOV20148953,
  author  = {V.Kh. Pshikhopov and M.Yu. Medvedev and A.R. Gaiduk and R.V. Fedorenko and V.A. Krukhmalev and B.V. Gurenko},
  title   = {Position-Trajectory Control System for Unmanned Robotic Airship},
  journal = {IFAC Proceedings Volumes},
  year    = {2014},
  volume  = {47},
  number  = {3},
  pages   = {8953 - 8958},
}

@Article{zheng2013planar,
  author    = {Zheng, Zewei and Huo, Wei},
  title     = {Planar path following control for stratospheric airship},
  journal   = {IET Control Theory \& Applications},
  year      = {2013},
  volume    = {7},
  number    = {2},
  pages     = {185--201},
  publisher = {IET},
}

@Article{yang2013station,
  author    = {Yang, Yueneng and Wu, Jie and Zheng, Wei},
  title     = {Station-keeping control for a stratospheric airship platform via fuzzy adaptive backstepping approach},
  journal   = {Advances in Space Research},
  year      = {2013},
  volume    = {51},
  number    = {7},
  pages     = {1157--1167},
  publisher = {Elsevier},
}

@Article{hu2013adaptive,
  author    = {Hu, Qinglei and Xiao, Bing},
  title     = {Adaptive fault tolerant control using integral sliding mode strategy with application to flexible spacecraft},
  journal   = {International Journal of Systems Science},
  year      = {2013},
  volume    = {44},
  number    = {12},
  pages     = {2273--2286},
  publisher = {Taylor \& Francis},
}

@Article{control:yang2012trajectory,
  author    = {Yang, Yue-neng and Wu, Jie and Zheng, Wei},
  title     = {Trajectory tracking for an autonomous airship using fuzzy adaptive sliding mode control},
  journal   = {Journal of Zhejiang University SCIENCE C},
  year      = {2012},
  volume    = {13},
  number    = {7},
  pages     = {534--543},
  publisher = {Springer},
}

@Article{yang2012design,
  author    = {Yang, Yueneng and Wu, Jie and Zheng, Wei},
  title     = {Design, modeling and control for a stratospheric telecommunication platform},
  journal   = {Acta Astronautica},
  year      = {2012},
  volume    = {80},
  pages     = {181--189},
  publisher = {Elsevier},
}

@Article{yang2012attitude,
  author  = {Yang, Yueneng and Wu, Jie and Zheng, Wei},
  title   = {Attitude control for a station keeping airship using feedback linearization and fuzzy sliding mode control},
  journal = {International Journal of Innovative Computing, Information and Control},
  year    = {2012},
  volume  = {8},
  number  = {12},
  pages   = {8299--8310},
}

@Article{yang2012adaptive,
  author    = {Yang, Yueneng and Wu, Jie and Zheng, Wei},
  title     = {Adaptive fuzzy sliding mode control for robotic airship with model uncertainty and external disturbance},
  journal   = {Systems Engineering and Electronics, Journal of},
  year      = {2012},
  volume    = {23},
  number    = {2},
  pages     = {250--255},
  publisher = {BIAI},
}

@Article{wu2012fault,
  author    = {Wu, Guoqiang and Lin, BaoJun and Zhang, Shancong},
  title     = {Fault-tolerant backstepping attitude control for autonomous airship with sensor failure},
  journal   = {Procedia Engineering},
  year      = {2012},
  volume    = {29},
  pages     = {2022--2027},
  publisher = {Elsevier},
}

@Article{sun2012robust,
  author  = {Haibin Sun and Shihua Li and Changyin Sun},
  title   = {Robust adaptive integral-sliding-mode fault-tolerant control for airbreathing hypersonic vehicles},
  journal = {Proceedings of the Institution of Mechanical Engineers, Part I: Journal of Systems and Control Engineering},
  year    = {2012},
  volume  = {226},
  number  = {10},
  pages   = {1344-1355},
}

@Article{santapietro2012persistent,
  author    = {SantaPietro, John J},
  title     = {Persistent wide area surveillance from an airship},
  journal   = {IEEE Aerospace and Electronic Systems Magazine},
  year      = {2012},
  volume    = {27},
  number    = {6},
  pages     = {11--16},
  publisher = {IEEE},
}

@Article{control:rhif2012torpedo,
  author  = {Rhif, Ahmed},
  title   = {A High order sliding mode control with PID sliding surface: simulation on a torpedo},
  journal = {arXiv preprint arXiv:1202.2419},
  year    = {2012},
}

@Book{khoury2012airship,
  title     = {Airship technology},
  publisher = {Cambridge university press},
  year      = {2012},
  author    = {Khoury, Gabriel Alexander},
  volume    = {10},
}

@Article{ilieva2012critical,
  author  = {Ilieva, Galina and P{\'a}scoa, Jos{\'e} and Dumas, Antonio and Trancossi, Michele},
  title   = {A critical review of propulsion concepts for modern airships},
  journal = {Open Engineering},
  year    = {2012},
  volume  = {2},
  number  = {2},
  pages   = {189--200},
}

@Article{hamayun2012design,
  author    = {Hamayun, Mirza Tariq and Edwards, Christopher and Alwi, Halim},
  title     = {Design and analysis of an integral sliding mode fault-tolerant control scheme},
  journal   = {IEEE Transactions on Automatic Control},
  year      = {2012},
  volume    = {57},
  number    = {7},
  pages     = {1783--1789},
  publisher = {IEEE},
}

@Misc{goelet2012airship,
  author    = {Goelet, John},
  title     = {Airship},
  month     = nov #{~13},
  year      = {2012},
  note      = {US Patent D670,638},
  publisher = {Google Patents},
}

@Article{control:zhu2011adaptive,
  author    = {Zhu, Zheng and Xia, Yuanqing and Fu, Mengyin},
  title     = {Adaptive sliding mode control for attitude stabilization with actuator saturation},
  journal   = {Industrial Electronics, IEEE Transactions on},
  year      = {2011},
  volume    = {58},
  number    = {10},
  pages     = {4898--4907},
  publisher = {IEEE},
}

@Article{yang2011variable,
  author    = {Yang, Yueneng and Wu, Jie and Zheng, Wei},
  title     = {Variable structure attitude control for an {UAV} with parameter uncertainty and external disturbance},
  journal   = {Procedia Engineering},
  year      = {2011},
  volume    = {15},
  pages     = {408--415},
  publisher = {Elsevier},
}

@Article{wang2010experimental,
  author  = {Wang, Xiao-Liang and Fu, Gong-Yi and Duan, Deng-Ping and Shan, Xue-Xiong},
  title   = {Experimental investigations on aerodynamic characteristics of the Zhiyuan-1 airship},
  journal = {Journal of aircraft},
  year    = {2010},
  volume  = {47},
  number  = {4},
  pages   = {1463--1468},
}

@Article{pancotti2009overview,
  author = {Pancotti, Anthony},
  title  = {An overview of advanced concepts for near-space systems},
  year   = {2009},
}

@Article{lechevin2009decentralized,
  author    = {L{\'e}chevin, Nicolas and Rabbath, Camille Alain},
  title     = {Decentralized detection of a class of non-abrupt faults with application to formations of unmanned airships},
  journal   = {IEEE Transactions on Control Systems Technology},
  year      = {2009},
  volume    = {17},
  number    = {2},
  pages     = {484--493},
  publisher = {IEEE},
}

@InProceedings{airship:liu2009control,
  author       = {Liu, Yiwei and Pan, Zengxi and Stirling, David and Naghdy, Fazel},
  title        = {Control of autonomous airship},
  booktitle    = {Robotics and Biomimetics (ROBIO), 2009 IEEE International Conference on},
  year         = {2009},
  pages        = {2457--2462},
  organization = {IEEE},
}

@Article{liao2009review,
  author    = {Liao, Lin and Pasternak, Igor},
  title     = {A review of airship structural research and development},
  journal   = {Progress in Aerospace Sciences},
  year      = {2009},
  volume    = {45},
  number    = {4},
  pages     = {83--96},
  publisher = {Elsevier},
}

@Article{hong2009applications,
  author    = {Hong, Chun-Han and Choi, Kwang-Chan and Kim, Byoung-soo},
  title     = {Applications of adaptive neural network control to an unmanned airship},
  journal   = {International Journal of Control, Automation and Systems},
  year      = {2009},
  volume    = {7},
  number    = {6},
  pages     = {911--917},
  publisher = {Springer},
}

@Article{control:benjovengo2009sliding,
  author  = {Benjovengo, F{\'a}bio Pereira and Paiva, EC and Bueno, Samuel Siqueira},
  title   = {Sliding mode control approaches for an autonomous unmanned airship},
  journal = {AIAA},
  year    = {2009},
  volume  = {2869},
  pages   = {2009},
}

@InProceedings{yundong2008contrast,
  author    = {Yundong, WU and Qiang, Zhang and Shaoqin, L},
  title     = {A Contrast among Experiments in Three Low-altitude Unmanned Aerial Vehicles Photography: Security, Quality \& Efficiency},
  booktitle = {The International Archives of the Photogrammetry, Remote Sensing and Spatial Information Sciences, ISPRS Congress, Beijing, China, XXXVII. Part B},
  year      = {2008},
  volume    = {1},
  pages     = {1223--1227},
}

@Misc{peng2008applying,
  author    = {Peng, Xiaodong and LIUb, Zhaoqin and YINb, Jinkuan and LIb, Yongrong},
  title     = {Applying unmanned airship to rapid detection of urban building changes},
  year      = {2008},
  publisher = {The International archives of the photogrammetry, Remote Sensing and Spatial Information Science},
}

@InProceedings{jian2008altitude,
  author       = {Jian-Guo, Guo and Jun, Zhou},
  title        = {Altitude control system of autonomous airship based on fuzzy logic},
  booktitle    = {Systems and Control in Aerospace and Astronautics, 2008. ISSCAA 2008. 2nd International Symposium on},
  year         = {2008},
  pages        = {1--5},
  organization = {IEEE},
}

@Misc{al2008lighter,
  author    = {Al-Garni, Ahmed Z and Kassem, Ayman H},
  title     = {Lighter-than-air vehicle for shading},
  month     = may #{~15},
  year      = {2008},
  note      = {US Patent App. 12/153,259},
  publisher = {Google Patents},
}

@Article{schmidt2007near,
  author  = {Schmidt, David K and Stevens, James and Roney, Jason},
  title   = {Near-space station-keeping performance of a large high-altitude notional airship},
  journal = {Journal of Aircraft},
  year    = {2007},
  volume  = {44},
  number  = {2},
  pages   = {611--615},
}

@Article{airship:schmidt2007modeling,
  author  = {Schmidt, David K},
  title   = {Modeling and near-space stationkeeping control of a large high-altitude airship},
  journal = {Journal of guidance, control, and dynamics},
  year    = {2007},
  volume  = {30},
  number  = {2},
  pages   = {540--547},
}

@Article{airship:li2007modeling,
  author  = {Li, Yuwen and Nahon, Meyer},
  title   = {Modeling and simulation of airship dynamics},
  journal = {Journal of Guidance, Control, and Dynamics},
  year    = {2007},
  volume  = {30},
  number  = {6},
  pages   = {1691--1700},
}

@InProceedings{acosta2007adaptive,
  author    = {Acosta, Diana M and Joshi, Sanjay S},
  title     = {Adaptive nonlinear dynamic inversion control of an autonomous airship for the exploration of Titan},
  booktitle = {Proc. AIAA Guidance, Navigation and Control Conf., South Carolina, USA},
  year      = {2007},
  pages     = {1--13},
}

@Article{wang2006shape,
  author  = {Wang, Xiao-liang and Shan, Xue-xiong},
  title   = {Shape optimization of stratosphere airship},
  journal = {Journal of Aircraft},
  year    = {2006},
  volume  = {43},
  number  = {1},
  pages   = {283--286},
}

@InProceedings{liu2006aeroship,
  author       = {Liu, Tianshu and Liou, William W},
  title        = {Aeroship: a new flight platform},
  booktitle    = {24th AIAA Applied Aerodynamics Conference},
  year         = {2006},
  pages        = {3922},
  organization = {San Francisco, CA},
}

@Article{fujii2006application,
  author  = {Fujii, Hironori A and Kusagaya, Tairo and Watanabe, Takeo and An, Andrew},
  title   = {Application of a Nonlinear Optimal Control Algorithm to Spacecraft and Airship Control},
  journal = {Space Technology},
  year    = {2006},
  volume  = {5},
  pages   = {43--50},
}

@Misc{bundo2006multi,
  author    = {Bundo, Mutsuro},
  title     = {Multi-purpose airship},
  month     = may #{~2},
  year      = {2006},
  note      = {US Patent 7,036,768},
  publisher = {Google Patents},
}

@InProceedings{rooz2005design,
  author    = {Rooz, Nimrod and Johnson, Eric N},
  title     = {Design and modeling of an airship station holding controller for low cost satellite operations},
  booktitle = {Proceedings of the AIAA Guidance, Navigation, and Control Conference and Exhibit},
  year      = {2005},
}

@Misc{munk2005hybrid,
  author    = {Munk, Jeffery Roger},
  title     = {Hybrid air vehicle having air cushion landing gear},
  month     = apr #{~19},
  year      = {2005},
  note      = {US Patent 6,880,783},
  publisher = {Google Patents},
}

@InProceedings{airship:moutinho2005stability,
  author       = {Moutinho, Alexandra and Azinheira, Jos{\'e} Raul},
  title        = {Stability and robustness analysis of the AURORA airship control system using dynamic inversion},
  booktitle    = {Robotics and Automation, 2005. ICRA 2005. Proceedings of the 2005 IEEE International Conference on},
  year         = {2005},
  pages        = {2265--2270},
  organization = {IEEE},
}

@Article{colozza2005high,
  author  = {Colozza, Anthony and Dolce, James L},
  title   = {High-altitude, long-endurance airships for coastal surveillance},
  journal = {NASA Technical Report, NASA/TM-2005-213427},
  year    = {2005},
}

@Book{airship:mueller2004development,
  title     = {Development of an aerodynamic model and control law design for a high altitude airship},
  publisher = {Defense Technical Information Center},
  year      = {2004},
  author    = {Mueller, Joseph B and Paluszek, Michael A and Zhao, Yiyuan and others},
}

@Article{nejati2003aerodynamics,
  author    = {Nejati, Vahid and Matsuuchi, Kazuo},
  title     = {Aerodynamics design and genetic algorithms for optimization of airship bodies},
  journal   = {JSME International Journal Series B},
  year      = {2003},
  volume    = {46},
  number    = {4},
  pages     = {610--617},
  publisher = {社団法人 日本機械学会},
}

@Article{harada2003experimental,
  author  = {Harada, Kenya and Eguchi, Kunihisa and Sano, Masaaki and Sasa, Shuichi},
  title   = {Experimental study of thermal modeling for stratospheric platform airships},
  journal = {AIAA Paper},
  year    = {2003},
  volume  = {6833},
  pages   = {2003},
}

@InProceedings{xia2002robust,
  author    = {Xia, Yuanqing and Jia, Yingmin},
  title     = {Robust sliding mode control for uncertain time-delay systems: an {LMI} approach},
  booktitle = {Proceedings of the American control conference},
  year      = {2002},
  pages     = {53--58},
}

@Article{won2002regional,
  author    = {Won, C-H},
  title     = {Regional navigation system using geosynchronous satellites and stratospheric airships},
  journal   = {IEEE transactions on aerospace and electronic systems},
  year      = {2002},
  volume    = {38},
  number    = {1},
  pages     = {271--278},
  publisher = {IEEE},
}

@InProceedings{smith2002development,
  author    = {Smith, Michael S and Rainwater, E Lee},
  title     = {Development and Application of the elastica shape for pressurized balloons},
  booktitle = {PROCEEDINGS OF THE INTERNATIONAL SYMPOSIUM ON SPACE TECHNOLOGY AND SCIENCE},
  year      = {2002},
  volume    = {23},
  number    = {2},
  pages     = {2037--2042},
}

@InProceedings{schaefer2002airships,
  author    = {Schaefer, Ingolf},
  title     = {Airships as unmanned platforms- Challenge and chance},
  booktitle = {2002 AIAA Aircraft Technology, Integration, and Operations(ATIO) Forum, Los Angeles, CA},
  year      = {2002},
}

@InProceedings{zhang1999visual,
  author       = {Zhang, Hong and Ostrowski, James P},
  title        = {Visual servoing with dynamics: Control of an unmanned blimp},
  booktitle    = {Robotics and Automation, 1999. Proceedings. 1999 IEEE International Conference on},
  year         = {1999},
  volume       = {1},
  pages        = {618--623},
  organization = {IEEE},
}

@Article{lutz1998drag,
  author  = {Lutz, Thorsten and Wagner, S},
  title   = {Drag reduction and shape optimization of airship bodies},
  journal = {Journal of Aircraft},
  year    = {1998},
  volume  = {35},
  number  = {3},
  pages   = {345--351},
}

@InProceedings{gomes1998airship,
  author       = {Gomes, S{\'e}rgio Bittencourt Varella and Ramos Jr, Josue G},
  title        = {Airship dynamic modeling for autonomous operation},
  booktitle    = {Robotics and Automation, 1998. Proceedings. 1998 IEEE International Conference on},
  year         = {1998},
  volume       = {4},
  pages        = {3462--3467},
  organization = {IEEE},
}

@Article{gao1993variable,
  author    = {Gao, Weibing and Hung, James C},
  title     = {Variable structure control of nonlinear systems: a new approach},
  journal   = {Industrial Electronics, IEEE Transactions on},
  year      = {1993},
  volume    = {40},
  number    = {1},
  pages     = {45--55},
  publisher = {IEEE},
}

@Book{friedman1993appropriating,
  title     = {Appropriating the weather: Vilhelm Bjerknes and the construction of a modern meteorology},
  publisher = {Cornell University Press},
  year      = {1993},
  author    = {Friedman, Robert Marc},
}

@Article{slotine1984sliding,
  author    = {Slotine, Jean-Jacques E},
  title     = {Sliding controller design for non-linear systems},
  journal   = {International Journal of control},
  year      = {1984},
  volume    = {40},
  number    = {2},
  pages     = {421--434},
  publisher = {Taylor \& Francis},
}

@Article{vadim1977survey,
  author  = {Vadim, I UTKIN},
  title   = {Survey paper variable structure systems with sliding modes},
  journal = {IEEE Transactions on Automatic control},
  year    = {1977},
  volume  = {22},
  number  = {2},
  pages   = {212--222},
}

@Misc{klapka1927aeronautical,
  author    = {and others},
  title     = {Aeronautical advertising device},
  month     = feb #{~1},
  year      = {1927},
  note      = {US Patent 1,615,947},
  publisher = {Google Patents},
}

@Article{jose2002influence,
  author  = {Jos{\'e} and Azinheira, Raul and de Paiva, Ely Carneiro and Bueno, Samuel Siqueira},
  title   = {Influence of wind speed on airship dynamics},
  journal = {Journal of Guidance, Control, and Dynamics},
  year    = {2002},
  volume  = {25},
  number  = {6},
  pages   = {1116--1124},
  groups  = {Wind},
}

@Article{6119241,
  author    = {T. Liesk and M. Nahon and B. Boulet},
  title     = {Design and Experimental Validation of a Nonlinear Low-Level Controller for an Unmanned Fin-Less Airship},
  journal   = {IEEE Transactions on Control Systems Technology},
  year      = {2013},
  volume    = {21},
  number    = {1},
  pages     = {149-161},
  month     = {Jan},
  publisher = {IEEE},
}

@Article{Chingiz2005sensor,
  author  = {Chingiz Hajiyev and Fikret Caliskan},
  title   = {Sensor and control surface/actuator failure detection and isolation applied to F-16 flight dynamic},
  journal = {Aircraft Engineering and Aerospace Technology},
  year    = {2005},
  volume  = {77},
  number  = {2},
  pages   = {152-160},
}

@Article{Jiang2011,
  author  = {Jiang, Bin and Shi, Peng and Mao, Zehui},
  title   = {Sliding Mode Observer-Based Fault Estimation for Nonlinear Networked Control Systems},
  journal = {Circuits, Systems, and Signal Processing},
  year    = {2011},
  volume  = {30},
  number  = {1},
  pages   = {1--16},
  month   = {Feb},
  day     = {01},
}

@Article{zhang2010faultd,
  author    = {Lixian Zhang and El-Kébir Boukas and Luc Baron and Hamid Reza Karimi},
  title     = {Fault detection for discrete-time Markov jump linear systems with partially known transition probabilities},
  journal   = {International Journal of Control},
  year      = {2010},
  volume    = {83},
  number    = {8},
  pages     = {1564-1572},
  publisher = {Taylor \& Francis},
}

@Book{utkin2013sliding,
  title     = {Sliding modes in control and optimization},
  publisher = {Springer Science \& Business Media},
  year      = {2013},
  author    = {Utkin, Vadim I},
}

@Article{NAGESH2014984,
  author  = {Indira Nagesh and Christopher Edwards},
  title   = {A multivariable super-twisting sliding mode approach},
  journal = {Automatica},
  year    = {2014},
  volume  = {50},
  number  = {3},
  pages   = {984 - 988},
}

@InProceedings{4282461,
  author    = {C. Edwards and L. Fridman and M. W. L. Thein},
  title     = {Fault Reconstruction in a Leader/Follower Spacecraft System Using Higher Order Sliding Mode Observers},
  booktitle = {2007 American Control Conference},
  year      = {2007},
  pages     = {408-413},
  month     = {July},
}

@Article{ALWI2013642,
  author  = {Halim Alwi and Christopher Edwards},
  title   = {An adaptive sliding mode differentiator for actuator oscillatory failure case reconstruction},
  journal = {Automatica},
  year    = {2013},
  volume  = {49},
  number  = {2},
  pages   = {642 - 651},
}

@InProceedings{4434709,
  author    = {L. Fridman and J. Davila and A. Levant},
  title     = {High-order sliding-mode observation and fault detection},
  booktitle = {2007 46th IEEE Conference on Decision and Control},
  year      = {2007},
  pages     = {4317-4322},
  month     = {Dec},
}

@InProceedings{5717908,
  author    = {Y. B. Shtessel and J. A. Moreno and F. Plestan and L. M. Fridman and A. S. Poznyak},
  title     = {Super-twisting adaptive sliding mode control: A Lyapunov design},
  booktitle = {49th IEEE Conference on Decision and Control (CDC)},
  year      = {2010},
  pages     = {5109-5113},
  month     = {Dec},
}

@InProceedings{6564788,
  author    = {H. Castañeda and O. S. Salas-Peña and J. de León Morales},
  title     = {Adaptive super twisting flight control-observer for a fixed wing UAV},
  booktitle = {2013 International Conference on Unmanned Aircraft Systems (ICUAS)},
  year      = {2013},
  pages     = {1004-1013},
  month     = {May},
}

@InProceedings{7154588,
  author    = {M. Basin and P. Rodriguez-Ramirez},
  title     = {Super-twisting observer design for systems of dimension more than one},
  booktitle = {2015 International Workshop on Recent Advances in Sliding Modes (RASM)},
  year      = {2015},
  pages     = {1-6},
  month     = {April},
}

@Article{fenggui2013,
  author  = {陈凤贵 and 陈光明 and 刘克华},
  title   = {临近空间环境及其影响分析},
  journal = {装备环境工程},
  date    = {2013},
  volume  = {10},
  number  = {04},
  pages   = {71 - 75 + 85},
}

@thesis{zhanghao2014,
  author = {张昊},
  title  = {多螺旋桨组合浮空器非线性PID和多胞LPV鲁棒控制器设计},
  location = {上海},
  school = {上海交通大学},
  year   = {2014},
}


@InProceedings{mueller2004development,
  author    = {Mueller, Joseph B and Paluszek, Michael A and Zhao, Yiyuan and others},
  title     = {Development of an aerodynamic model and control law design for a high altitude airship},
  booktitle = {AIAA Unmanned Unlimited Conference},
  year      = {2004},
  pages     = {1--17},
}

@Book{Khalilnonlinearbookchinese,
  title     = {非线性系统},
  publisher = {电子工业出版社},
  year      = {2012},
  location  = {北京},
  author    = {Hassan K. Khalil},
}

@Article{han2015adaptive,
  author   = {Ding Han and Xiao-Liang Wang and Li Chen and Deng-Ping Duan},
  title    = {Adaptive backstepping control for a multi-vectored thrust stratospheric airship with thrust saturation in wind},
  journal  = {Proceedings of the Institution of Mechanical Engineers, Part G: Journal of Aerospace Engineering},
  year     = {2016},
  volume   = {230},
  number   = {1},
  pages    = {45-59},
}


@Comment{jabref-meta: databaseType:bibtex;}

@Comment{jabref-meta: grouping:
0 AllEntriesGroup:;
1 StaticGroup:Estimation\;2\;1\;\;\;\;;
2 SearchGroup:Wind Estimation\;0\;wind estimation\;0\;0\;1\;\;\;\;;
2 SearchGroup:Attitude Estimation\;0\;attitude estimation\;0\;0\;1\;\;\;\;;
2 KeywordGroup:kalman filter\;0\;keywords\;kalman filter\;0\;0\;1\;\;\;\;;
1 KeywordGroup:control\;2\;keywords\;control\;0\;1\;1\;\;\;\;;
2 KeywordGroup:adaptive\;0\;keywords\;adaptive\;0\;0\;1\;\;\;\;;
2 KeywordGroup:sliding mode\;0\;keywords\;sliding mode\;0\;0\;1\;\;\;\;;
2 KeywordGroup:LMI\;0\;keywords\;LMI\;0\;0\;1\;\;\;\;;
2 KeywordGroup:fuzzy\;0\;keywords\;fuzzy\;0\;0\;1\;\;\;\;;
2 KeywordGroup:backstepping\;0\;keywords\;backstepping\;0\;0\;1\;\;\;\;;
2 SearchGroup:iterative learning\;0\;iterative learning control\;0\;0\;1\;\;\;\;;
2 SearchGroup:saturation\;0\;saturation\;0\;0\;1\;\;\;\;;
2 SearchGroup:data-driven\;0\;data-driven\;0\;0\;1\;\;\;\;;
1 SearchGroup:Surveys and Reviews\;0\;title=overview or title=survey or title = review\;0\;0\;1\;\;\;\;;
1 StaticGroup:Lab Papers\;0\;1\;\;\;\;;
}
